2866 5234
505 335 696 397 tenuibus
718 333 788 394 ΗΒ.
813 332 872 393 iii-⁴

231 445 294 505 litte
317 444 414 503 uirum
435 450 444 477 ¹
462 486 470 511 ‚
492 458 600 516 poenm
621 440 737 500 inimico
757 458 773 498 e
794 437 884 498 irutre
907 441 1025 516 recepi:
1121 480 1126 491 ,

233 523 339 594 Felix,
363 524 419 583 beu
440 523 560 583 nimium
580 521 671 581 ieiix!
698 520 722 577 si
743 518 829 579 iitorn
849 522 959 579 tentum
1025 547 1037 587 χ

233 603 386 682 Nunqnum
410 603 572 663 bardonius
585 599 754 674 'tetigissent
773 607 875 661 nostre
893 598 1055 659 cariores

230 684 329 755 Dixit,
350 687 382 742 et
396 722 410 750 ,·
426 700 460 744 os
481 685 622 757 impressu
641 685 733 752 toro,
754 681 912 739 moriemur
933 678 1067 739 inultm?

152 763 211 822 600
231 763 285 823 Sed
306 765 488 831 moriemur,
509 763 573 821 sit:
596 761 660 833 sic,
683 763 725 821 sie
741 760 824 839 juvet
845 762 887 818 ire
905 760 961 816 sub
981 754 1110 818 umbras.

228 842 353 904 Hauriat
374 844 452 904 buno
472 843 565 902 oeulis
586 843 682 920 poem
702 839 830 902 crudelis
849 839 886 899 eb
906 839 964 897 otto
1079 864 1084 885 ι

233 922 394 993 00060000,
409 930 440 983 et
453 931 568 982 nostrae
586 936 687 981 secum
707 918 782 981 ieret
800 919 895 979 omine
918 918 1029 977 mortis.

230 1003 374 1063 Dixerat:
397 1009 485 1079 etque
505 1001 585 1063 iiiam
605 994 795 1061 medin'inter
816 996 885 1059 telio
905 997 983 1057 ferro
1005 995 1015 1055 ’.

227 1083 390 1160 Cotiapsom
411 1083 556 1160 aspiciunt
575 1085 696 1142 comites
713 1126 720 1148 .
741 1096 896 1154 ensemque
914 1093 1021 1138 cruore

147 1160 207 1223 666
227 1164 438 1238 Spumantem,
459 1178 633 1239 sparsosque
652 1178 765 1222 munus.
789 1158 815 1218 it
835 1159 945 1217 ciumor
965 1154 1000 1215 ud
1021 1153 1078 1215 situ

230 1245 309 1303 Atria
331 1251 368 1310 ⁸,
389 1260 557 1303 conmissum
579 1241 739 1302 bacchatur
760 1241 837 1301 inme
859 1254 914 1315 per
933 1237 1063 1311 urbem,

229 1324 376 1383 Lamentis
396 1326 561 1401 gemituque
580 1327 611 1383 et
632 1318 886 1382 femineoututetu

226 1405 312 1465 Toeto
333 1404 484 1474 fremunt,
508 1406 621 1464 resonat
642 1404 752 1479 mugnis
773 1399 956 1476 piungoribos
976 1398 1088 1458 aether.

228 1484 291 1544 Non
312 1485 394 1544 utiter
413 1502 501 1561 quem
522 1488 546 1543 si
568 1482 706 1542 immissis
723 1484 792 1542 ruet
813 1479 945 1539 hostibus
965 1482 1061 1538 omnis

146 1563 205 1623 670
224 1563 391 1640 Carthago,
413 1567 600 1642 nutantique
619 1562 736 1638 Tyron
758 1560 947 1634 flammaeque
967 1556 1094 1618 furentes

221 1645 354 1707 Culminu
376 1660 485 1719 perque
505 1643 655 1703 bominum
675 1640 830 1700 volvuntur
851 1655 960 1715 perque
977 1639 1108 1699 deorum.

264 1722 366 1784 Audiit
383 1723 548 1792 exanimis,
573 1718 743 1798 trepidoque
762 1721 903 1778 exterrito
923 1734 1031 1784 cursu,
1135 1785 1137 1789 ,

226 1803 375 1877 Unguibus
395 1821 446 1861 ore
468 1819 552 1859 soror
573 1801 692 1861 foedans
710 1807 740 1861 et
759 1806 875 1875 pectore
897 1803 1023 1871 pugnis.

228 1885 283 1942 Per
304 1883 414 1940 medios
435 1884 518 1951 ruit,
541 1897 575 1940 ac
596 1883 768 1951 morientem
790 1880 904 1938 nomine
925 1880 1048 1937 ciemst:

71 1976 80 1987 “
147 1964 207 2024 ott
228 1962 291 2023 Hoc
312 1962 405 2030 iiiud,
429 1978 592 2038 permane,
617 1960 697 2020 fuiti
719 1977 764 2019 me
785 1956 888 2017 froude
909 1960 1049 2035 petebas?

223 2041 288 2104 Hoc
310 2059 394 2117 rogos
415 2045 469 2102 iste
491 2043 588 2111 mibi,
610 2039 667 2099 hoc
687 2041 768 2116 ignes
788 2054 913 2114 arteque
934 2042 1097 2115 parebunt?

224 2122 301 2194 Quid
323 2125 451 2198 primum
472 2123 586 2182 deserte
607 2125 740 2197 quereri
760 2119 935 2181 comitemne
954 2136 1081 2182 sororem

227 2203 368 2278 Sprevisti
392 2203 545 2262 moriensi
566 2203 668 2262 eodem
690 2218 738 2260 me
757 2200 793 2259 06
814 2199 872 2259 fote
892 2217 1046 2276 vocasses,
1152 2235 1161 2249 ·

228 2282 307 2342 idem
329 2283 426 2341 umbos
445 2280 524 2342 terro
543 2282 625 2342 dolor
644 2287 731 2359 utque
752 2283 853 2341 eudem
875 2279 946 2339 bore
969 2282 1091 2343 tulisset.

142 2361 202 2423 680
221 2361 278 2424 His
298 2363 382 2421 etism
402 2366 498 2424 struxi
520 2361 671 2443 monibus,
696 2361 863 2438 patriosque
883 2363 981 2420 vocari

474 2496 887 2554 tununennunrlo

58 2635 126 2686 mico
143 2632 232 2683 fratre.
251 2628 412 2696 Fortunate,
440 2619 582 2682 beu'nimis
600 2626 742 2682 fortunate!
761 2629 783 2681 si
800 2632 972 2684 tantummodo
988 2631 1118 2702 Trojenee
1142 2647 1221 2685 neres
1238 2650 1288 2687 non
1398 2683 1402 2690 .

58 2704 201 2770 attigissent
219 2706 303 2752 noeirs
321 2703 404 2755 iitoru.
425 2700 497 2754 Dixit
513 2704 578 2756 liaeo
589 2739 600 2766 ,
618 2707 642 2753 et
658 2718 703 2753 ore
720 2701 867 2754 incumbens
895 2706 920 2755 in
950 2704 1064 2765 iectum3
1082 2702 1126 2759 A„
1150 2704 1289 2761 mortemue·

59 2772 174 2826 inuitae?
198 2774 241 2825 sed
260 2778 344 2826 tomen
363 2773 525 2841 moriemur,
556 2773 658 2841 inquit:
676 2774 730 2837 sic,
755 2774 791 2827 sic
809 2774 881 2827 duiec
904 2782 941 2828 est
959 2777 1112 2829 descendere
1128 2773 1159 2825 06
1175 2774 1287 2833 umbros,

58 2845 175 2898 Crudelis
192 2841 316 2911 Trojenus
338 2845 435 2896 ernuri
452 2845 535 2898 videet
552 2845 632 2898 oculis
648 2842 694 2895 lons
712 2844 843 2912 ssummns,
864 2853 890 2898 et
906 2847 1005 2899 nuferut
1029 2864 1114 2900 secum
1141 2844 1216 2916 signe
1242 2864 1290 2901 no-

57 2927 127 2971 stroe
140 2917 237 2983 mortis.
251 2913 368 2969 Dixeret:
386 2925 411 2970 et
429 2918 456 2970 in
474 2918 558 2971 medio
574 2917 665 2970 tuiium
682 2912 821 2972 00600000
837 2918 948 2972 fumuise
963 2917 1126 2972 vident-eum
1141 2916 1287 2989 conopeum,

57 2999 84 3042 et
101 2991 217 3056 giudium
243 2997 400 3057 spumantem
426 2989 570 3059 sunguine,
594 2998 621 3041 et
635 3004 724 3041 munus
741 2989 830 3043 eodem
852 2992 949 3043 tinctus.
978 2990 1080 3044 Ciumor
1102 2988 1235 3062 spergitur
1256 2992 1286 3046 'in

56 3063 207 3133 profundum
225 3062 334 3113 unium:
357 3060 425 3117 funin
450 3060 513 3114 furit
536 3079 582 3133 per
599 3063 689 3115 urbem
707 3069 858 3114 commotum
873 3101 881 3130 ,
898 3063 987 3117 domm
1001 3062 1116 3117 fremunt
1131 3062 1244 3134 gemitu,
1263 3072 1290 3117 et

55 3139 152 3190 utnietu
174 3133 352 3200 feminarum,
375 3139 421 3185 uer
446 3141 518 3186 sonet
533 3135 635 3204 mugnis
651 3133 800 3203 planctibus.
830 3134 885 3187 Non
902 3136 979 3188 uiiter
1004 3152 1035 3189 uc
1051 3136 1140 3189 sitoto
1158 3135 1289 3206 Curtbego

54 3217 99 3261 eut
117 3216 201 3280 Tyrus
221 3207 347 3275 entique,
371 3206 533 3259 mbrertetur
559 3204 757 3276 irrumpentibus
782 3204 914 3270 hostibus3
944 3215 970 3260 et
985 3207 1008 3259 ui
1033 3202 1151 3262 flammae
1173 3205 1288 3261 furentes

54 3287 210 3352 sparguntur
229 3295 275 3346 per
295 3283 377 3343 tectu,
400 3286 426 3330 et
442 3277 571 3345 deorum,
591 3287 616 3332 et
632 3279 774 3330 bominum.
803 3278 893 3330 Audiit
908 3279 957 3333 hoe
977 3296 1047 3333 soror
1073 3280 1242 3343 exanimate,
1261 3283 1288 3330 et

55 3353 186 3423 percincta
200 3350 290 3402 festino
307 3368 401 3414 cursu,
432 3350 547 3403 hesrom
573 3352 669 3404 ruitum
686 3349 813 3420 unguibus
835 3357 963 3422 otpertus
981 3351 1094 3423 pugnis,
1113 3350 1233 3420 irrumpis
1248 3348 1289 3400 in-

53 3434 95 3478 ter
112 3425 227 3486 mediiis,
252 3432 279 3474 et
295 3423 417 3474 inciumet
433 3424 585 3477 morientem
602 3423 716 3476 numine:
737 3421 791 3476 Hoc
809 3422 888 3492 ipsum
906 3423 954 3476 fuit
963 3464 972 3490 ,
990 3443 1007 3479 0
1022 3421 1107 3476 sorori
1122 3421 1229 3478 fuliebne
1244 3437 1287 3473 me

54 3499 102 3551 boc
119 3493 200 3548 doio?
216 3494 264 3547 boc
280 3493 388 3563 purubst
406 3495 471 3546 mihi
500 3512 563 3567 pyro
585 3497 655 3563 istu,
672 3495 721 3548 boc
740 3494 814 3565 ignes
830 3502 856 3548 ct
871 3494 989 3551 nimiu?
1005 3515 1055 3568 que
1078 3496 1110 3548 de
1126 3512 1156 3547 re
1175 3492 1286 3564 primum

53 3586 195 3640 conqueror
215 3585 263 3636 epo
280 3562 428 3618 derelicto?
445 3583 479 3618 en
496 3567 606 3621 moriens
623 3572 757 3638 nspernutu
774 3584 801 3619 es
817 3584 930 3622 sororem
948 3576 974 3623 te
989 3563 1130 3622 comiserit
1147 3567 1172 3618 si
1189 3580 1232 3617 me
1249 3563 1288 3617 iu·
1405 3614 1412 3624 ,

54 3642 157 3692 vitnsses
173 3640 205 3691 ed
222 3638 309 3690 eudem
327 3636 430 3704 funere,
447 3638 514 3692 idem
532 3638 604 3692 dolor
620 3647 694 3711 utque
713 3638 802 3691 eedem
813 3638 877 3692 horu
891 3641 1026 3695 nutuiinct
1044 3648 1174 3708 utromque
1188 3633 1285 3706 giudic.

54 3714 132 3767 Erexi
150 3712 228 3764 etium
245 3712 285 3763 bis
303 3709 419 3764 menibus
434 3713 521 3780 mur,
546 3717 572 3763 et
588 3729 647 3765 soce
670 3711 797 3783 appellari
816 3713 910 3781 patrios
925 3712 1004 3779 deos;
1023 3718 1052 3763 ut
1076 3726 1124 3780 epo
1148 3706 1286 3761 inhumano

88 3851 129 3922 (r)
146 3850 202 3902 Uite
219 3849 330 3919 virum).
350 3850 417 3914 Quin
434 3869 495 3922 opes
507 3852 655 3925 Pygmuiio*
689 3852 783 3905 nubunt
798 3859 914 3920 veteres,
927 3859 954 3906 et
968 3851 1092 3922 majorum
1111 3844 1237 3916 imagines
1248 3843 1286 3897 di·

54 3925 103 3988 ni,
123 3932 176 3974 tum
193 3939 268 3986 suus,
288 3930 340 3972 tum
360 3941 403 3975 ess
422 3933 523 3994 propter
539 3941 601 3994 quus
617 3926 655 3978 Si·
687 3923 837 3993 sponebsnt3
854 3942 919 3994 qum
934 3943 993 3978 cum
1010 3943 1026 3977 0
1041 3917 1223 3974 fumocuiioue
1234 3931 1286 3970 nou

51 3994 159 4048 eliseum
177 3992 323 4051 occideret,
344 3993 445 4064 fugiens
466 3998 569 4065 eripuit,
589 3996 651 4050 AEn.
688 3995 767 4062 longe
785 3996 921 4063 obessen13
949 3996 1008 4048 ideo
1032 3985 1285 4067 uppsllubnntursss·

56 4087 80 4120 1.
102 4064 164 4119 363.
180 4064 240 4118 368.
255 4066 292 4117 De
304 4066 443 4127 Dardanio
455 4076 481 4122 et
496 4069 653 4136 narratam,
688 4084 790 4130 00000ος
809 4069 937 4138 ipsumque
955 4068 1047 4120 uirium
1062 4106 1070 4132 ,
1088 4071 1117 4117 ut
1135 4060 1233 4134 frigide
1245 4077 1286 4113 00·

52 4138 195 4210 Trojano,
215 4137 275 4189 AEn.
301 4155 323 4191 r.
347 4135 407 4208 069.
686 4147 791 4206 guintur
811 4141 930 4207 servios,
958 4140 1053 4193 dictum
1070 4137 1146 4190 otium
1165 4131 1225 4187 inde
1243 4149 1284 4184 vo·

88 4210 129 4278 (o)
147 4209 250 4276 Atrint
271 4209 380 4279 Proprie
405 4213 506 4267 utn'om
530 4222 568 4265 est
584 4230 653 4266 urea
687 4211 742 4264 iuni
759 4213 830 4283 quusi
846 4223 943 4267 atrum.
962 4212 999 4264 De
1013 4207 1285 4289 rooebsccdoturpro

51 4282 180 4335 esbdsiulr's
198 4288 256 4331 unte
276 4282 360 4349 sedes,
378 4285 449 4351 quusi
467 4288 566 4341 seberus
585 4285 650 4337 unde
676 4283 750 4354 sors't
768 4304 784 4336 0
803 4283 906 4338 furiosis
922 4285 1017 4338 Bocchi
1035 4281 1169 4340 comitibus
1184 4276 1308 4331 feminis·

49 4355 128 4406 etism
146 4355 179 4405 ud
196 4358 303 4423 primum
329 4355 431 4408 uedium
459 4357 571 4425 ipserum
590 4374 637 4427 pur
683 4357 807 4424 deductu,
827 4374 920 4425 supro,
941 4374 965 4412 v.
987 4360 1047 4412 301.
1068 4358 1106 4412 be
1123 4348 1282 4423 000146ῑο8

50 4433 102 4478 tem
118 4426 313 4496 significandum
333 4429 474 4482 traductum
493 4437 540 4479 est.
560 4427 601 4483 Ab
619 4447 650 4482 eo
686 4427 712 4482 iu
727 4436 891 4499 argumento.
910 4429 949 4484 Dc
969 4429 1041 4503 Tyro
1059 4428 1120 4483 En.
1144 4444 1167 4481 r.
1191 4424 1231 4478 16·

51 4514 101 4550 non
120 4500 197 4568 iunge
215 4498 305 4553 uberet
321 4502 429 4555 cuiinu:
451 4501 476 4554 in
494 4516 575 4570 eoque
592 4518 637 4555 000
1259 4506 1262 4515 “
