2866 5234
474 290 670 407 nenuiuos
691 342 762 406 ure.
787 345 863 405 uin
1189 306 1252 406 'toa

224 450 289 525 Quo
309 454 336 510 te
357 463 479 526 eumque
499 447 579 511 locus
599 452 784 511 miserantem
804 448 984 511 incommoda
1003 451 1103 511 nostre

34 580 50 595 .
163 529 202 592 75
222 531 314 591 Fonte
333 534 432 600 tenet,
455 546 639 608 quocumque
658 533 720 591 solo
740 530 952 609 pulcherrimus
971 531 1058 606 eris3

225 611 342 688 Semper
362 612 473 671 honore
495 627 581 679 meo,
603 627 718 688 semper
737 609 927 672 celebrabere
947 608 1057 685 donis,

222 691 361 768 Corniger
382 688 575 766 Hesperidum
596 697 607 724 ¹
629 690 735 752 durius
756 692 890 768 regnatam
910 707 1077 768 aquarum:

222 772 306 833 auen
327 790 345 830 o
365 776 475 831 tanturn
495 773 525 828 et
545 768 662 849 propius
682 777 732 831 tua
752 772 868 832 numina
890 767 1001 831 firmes.
1100 796 1104 803 ·

225 851 272 910 Sic
293 856 455 913 memorat:
477 853 659 929 geminasque
680 850 750 928 legit
768 851 806 911 de
826 850 919 911 classe
940 852 1087 923 biremes,

162 929 202 992 80
223 931 405 1009 Remigioque
425 936 526 1007 aptet:
550 931 644 992 socios
665 932 749 992 simul
771 933 890 1003 instruit¹
906 931 1008 991 armis.

222 1013 303 1071 Eece
317 1020 417 1072 autem
438 1009 563 1074 subitum
584 1015 671 1088 atque
693 1014 784 1073 oculis
804 1012 934 1073 mirabile
954 1016 1124 1075 monstrum:

223 1092 355 1152 tlendide-
371 1109 422 1170 per
442 1093 544 1152 silvam
564 1109 631 1151 cum
651 1092 729 1153 lontu
751 1091 884 1153 concolor
904 1091 969 1151 albe

222 1171 397 1242 Procubuit,
419 1172 561 1248 viridique
582 1174 612 1231 iu
631 1172 716 1234 litore
736 1172 911 1248 conspicitur
931 1187 990 1231 sus.

219 1251 314 1323 Quam
335 1253 398 1333 pius
419 1251 526 1313 AEneas
547 1254 598 1313 tibi
612 1255 717 1321 enim,
740 1255 813 1322 tibi,
836 1254 959 1312 monime
979 1252 1075 1323 Juuo,
1138 1310 1143 1327 ,

163 1331 203 1393 85
225 1337 353 1400 linotet.
374 1349 454 1393 sacra
477 1331 593 1402 terens,
613 1339 643 1391 et
663 1352 730 1393 curn
751 1349 836 1410 grege
856 1334 934 1393 sistit
951 1335 987 1393 ad
1007 1350 1099 1394 aram.

221 1411 324 1492 Tybris
344 1431 377 1474 ea
397 1413 537 1483 bravium,
557 1430 644 1488 quem
669 1414 749 1489 longa
771 1419 836 1474 est.
859 1421 941 1472 nocte
962 1408 1122 1476 tumentem

116 1517 119 1527 ·
223 1491 340 1565 leniit,
360 1498 391 1555 et
411 1499 494 1555 tacita
516 1493 641 1553 retinens
662 1499 698 1552 ita
714 1492 846 1552 nnbstitit
866 1492 963 1559 undez

225 1573 299 1639 ttius
320 1578 352 1634 ut
371 1573 398 1632 in
420 1590 532 1633 morem
553 1577 644 1647 stagni
665 1574 850 1655 placidaeque
870 1573 979 1650 paludis

223 1652 372 1715 Sterneret
391 1670 499 1730 aequm
518 1648 621 1728 squis‘,
644 1671 724 1714 remo
745 1658 777 1713 ut
797 1652 940 1712 luctamen
961 1655 1084 1715 abesses.

160 1732 201 1796 90
220 1731 297 1812 Ergo
318 1735 370 1794 iter
393 1736 538 1811 inceptum
560 1733 686 1793 celerent
708 1741 826 1793 rumore
846 1733 971 1795 secundo
992 1741 1017 1793 ¹.
1091 1808 1093 1814 Ι

220 1813 342 1873 Labitur
363 1814 447 1873 uncta
469 1811 548 1872 radis
569 1812 667 1875 abies:
691 1815 830 1874 mirentur
850 1817 881 1873 et
902 1815 1017 1883 undee;

224 1895 346 1961 bliratur
367 1909 471 1952 uentus
490 1893 657 1964 insuetum,
679 1891 816 1968 tntgentia
837 1894 918 1970 longe

218 1975 304 2035 Souis
327 1972 421 2036 nrum
443 1973 532 2051 fluvio
552 1975 699 2051 pictasque
721 1976 820 2032 innare
840 1991 962 2034 cernuas.

219 2054 276 2116 otti
298 2055 416 2129 remigio
436 2059 610 2128 noctemque
631 2056 765 2131 diemque
784 2051 930 2130 letigaut.

161 2131 200 2192 ut
223 2136 260 2196 El
281 2136 378 2208 lonpoe
396 2137 530 2210 superant
551 2134 665 2203 llerus,
689 2135 834 2210 seriisque
856 2136 992 2210 teguntur
1201 2206 1204 2212 ⁴

222 2216 401 2280 Arboribus.
425 2214 586 2288 viridesque
605 2222 707 2274 secant
726 2215 835 2290 placido
856 2231 982 2292 aequore
1002 2216 1108 2294 sylvas.
1158 2225 1163 2240 '

255 2295 303 2356 Sol
325 2294 454 2354 inedium
475 2294 544 2353 coeli
565 2296 770 2354 conscenderet
790 2294 1030 2368 innectentem,

215 2373 288 2437 Cum
309 2383 431 2443 mutos,
453 2391 607 2450 arcemque
627 2371 749 2452 procul,
771 2377 800 2432 et
821 2391 887 2432 rara
910 2371 1064 2436 domorum

458 2545 873 2605 iutunettuttuto

55 2717 159 2771 riculis.
178 2714 340 2784 Quocumque
364 2714 435 2768 fonte
452 2724 496 2770 tuo
513 2730 579 2783 aqua
595 2713 689 2769 detinet
703 2720 750 2780 te,
767 2713 971 2768 miserescentem
996 2714 1171 2770 calamitatum
1188 2723 1287 2773 nmtra-

56 2806 138 2853 rum3
154 2802 312 2869 quecumque
328 2788 436 2855 regione
461 2787 572 2857 erumpis
588 2785 803 2841 iormosimimuss
829 2802 930 2857 semper
946 2785 1106 2842 deooraberis
1122 2786 1193 2841 cultu
1210 2804 1289 2857 meo,

12 2892 17 2897 ·
57 2875 160 2930 semper
178 2856 325 2912 muneribus
351 2857 437 2924 meis,
463 2861 523 2911 otu
544 2859 591 2932 qns'
604 2876 634 2914 es
653 2858 738 2912 amuis
752 2862 892 2927 cornutam,
919 2874 964 2912 rex
982 2874 1105 2929 aquarum
1131 2857 1297 2915 tutte-ram:

57 2933 187 2988 Succurre
214 2927 404 2997 tantummode,
430 2936 456 2982 st
472 2929 598 3000 praesenti
621 2930 724 2985 caudeo
740 2927 866 2983 confirma
890 2929 942 2985 rim
959 2935 1062 2983 tuorum
1083 2928 1286 3000 membrum.

10 2995 12 3025 Ε
58 3003 106 3060 ste
122 3003 253 3087 loquitur:
271 3009 297 3056 et
314 3000 388 3069 eligit
406 3000 468 3053 duas
483 3018 593 3056 nareae
611 3001 706 3067 classe,
724 3008 750 3054 et
766 3001 942 3056 accommodat
956 3003 995 3057 erl
1010 3002 1073 3056 remi
1092 3001 1195 3056 antam
1212 3003 1289 3075 simul
1325 3062 1329 3079 .

10 3082 32 3100 ⁸
57 3077 174 3137 soeinnst
190 3075 270 3128 sorios
287 3075 373 3127 armis.
391 3072 458 3127 &ce
475 3080 560 3127 autem
579 3072 725 3145 prodigium
742 3072 902 3144 repentinum
920 3080 946 3130 et
961 3071 1061 3129 druna
1096 3092 1142 3129 um
1159 3072 1231 3131 risu:-
1242 3092 1289 3145 sup

10 3139 13 3171 ¹
58 3136 140 3215 alba,⁸
158 3146 269 3220 ejusdem
286 3145 375 3199 eoloris
393 3141 523 3200 acinctus
538 3143 704 3217 albusjacuit
721 3162 768 3216 per
785 3145 906 3220 spiram,
929 3152 957 3201 et
973 3149 1089 3203 cernitar
1116 3147 1144 3201 in
1162 3146 1241 3205 viridi
1256 3147 1289 3204 li·

10 3208 14 3245 '
59 3225 132 3274 toro:
151 3237 226 3292 quam
242 3217 306 3271 adeo
325 3216 380 3289 pius
399 3216 495 3271 Encas
512 3216 558 3271 tibi
577 3216 689 3270 immolat
706 3217 768 3278 ubi,
788 3235 804 3272 o
824 3216 937 3272 maxims
954 3215 1041 3288 Iuno,
1059 3218 1171 3275 offensas
1188 3220 1239 3276 tsbs‘
1250 3238 1289 3278 sa·

10 3282 15 3345 ἓ
57 3293 170 3358 crificia,
183 3299 208 3346 et
224 3289 356 3345 constitnit
371 3292 432 3344 ants
449 3287 542 3344 altaria
559 3304 619 3344 cum
637 3289 713 3343 turba
731 3287 946 3359 perrenorum?
964 3290 1017 3344 bris
1032 3309 1081 3362 per
1097 3307 1155 3347 eam
1174 3297 1288 3363 nomm,

10 3352 20 3413 Ι
56 3381 135 3439 quam
154 3364 232 3436 longa
250 3362 318 3428 luit,
336 3359 433 3415 sedarit
450 3361 544 3416 flumen
560 3378 637 3419 mm
654 3361 787 3416 inflatum:
807 3368 833 3415 ct
851 3369 921 3416 retro
938 3309 1020 3416 linens
1038 3363 1104 3417 stetit
1121 3363 1239 3419 uncum
1250 3365 1287 3421 sic

55 3436 220 3508 tranquillis3
239 3442 267 3489 ut
284 3438 406 3504 munel
423 3433 558 3505 planitiem
574 3450 699 3506 aquam
717 3435 744 3488 in
761 3433 864 3488 modum
882 3432 969 3488 mollis
983 3435 1068 3506 stagni
1086 3443 1112 3490 et
1128 3436 1227 3508 quietae
1238 3453 1286 3522 pa·

10 3504 22 3567 Ι.
56 3509 147 3575 ludis,
164 3508 199 3561 ita
217 3513 245 3560 nt
262 3506 334 3560 labor
351 3505 451 3561 abesam
467 3505 494 3559 in
512 3502 674 3588 remigando.
692 3506 778 3575 igitur
794 3522 895 3562 rumore
913 3522 1032 3578 prospero
1051 3507 1083 3561 de
1115 3515 1220 3579 oparaut
1237 3514 1287 3563 ster

10 3574 27 3617 Ι
55 3587 207 3652 suscaptum.
228 3577 304 3634 Abies
319 3576 398 3632 oblita
410 3579 471 3650 pies
487 3577 603 3633 deeumt
619 3577 755 3634 fluctibus:
773 3587 800 3633 et
815 3592 896 3651 aquae
913 3579 1038 3633 mirentur
1066 3598 1094 3653 sq
1105 3596 1137 3633 ra
1158 3579 1286 3635 inuncta

10 3650 27 3693 Ι
56 3653 101 3708 tis
117 3650 277 3720 spectaculis
294 3646 403 3706 ruffatur
441 3654 544 3721 etpeos
559 3648 691 3704 bominum
709 3652 797 3722 procul
816 3650 976 3721 splendentes
993 3656 1019 3704 et
1035 3650 1115 3721 pictas
1132 3666 1209 3705 nares
1227 3650 1287 3706 vehi
1379 3668 1382 3677 ·

10 3710 28 3769 ἵ
55 3725 176 3780 flumine.
194 3722 235 3775 illi
252 3721 404 3790 remigando
414 3687 445 3774 ’tr
477 3728 555 3776 neum
570 3730 668 3781 noctem
685 3729 711 3777 et
727 3722 817 3788 diem,
835 3730 860 3776 et
877 3720 1105 3795 praetervehuntur
1130 3722 1218 3793 bages
1232 3724 1285 3778 cir·
1355 3744 1360 3757 ·

10 3798 28 3843 Ι
55 3798 157 3871 onitaq,
175 3800 200 3847 et
218 3794 396 3848 inumbrantur
413 3793 520 3847 dirersis
537 3793 681 3860 arboribus,
696 3804 721 3849 et
737 3794 869 3867 trajiciunt
886 3793 982 3848 virides
999 3793 1082 3865 sylvas
1092 3793 1287 3863 tranquillolln·
1325 3795 1331 3805 ‘

56 3869 133 3922 minc.
153 3867 200 3922 Sul
216 3865 309 3922 ardens
325 3872 474 3937 pervenerat
489 3867 528 3921 ud
542 3865 654 3921 medium
670 3866 779 3938 spatium
796 3865 885 3920 coeli:
914 3882 975 3920 cum
998 3865 1074 3938 lenge
1091 3865 1214 3936 aspiciunt
1231 3883 1286 3923 mu·
1391 3870 1400 3901 -’

10 4018 22 4059 s
92 4008 133 4081 (r)
150 4009 276 4081 (lorniger
294 4007 482 4079 llesperidam,
500 4009 582 4094 etc.)
599 4009 655 4064 ilex
690 4009 716 4063 in
734 4006 1035 4063 lutisflurinmviderir.
1050 4007 1284 4081 Decorssdsssfis·

10 4094 19 4129 ¹
57 4083 202 4138 italicarum
229 4098 371 4152 uquarum
401 4097 451 4135 uon
478 4081 656 4153 magnitudine
694 4081 798 4136 ciorum
813 4077 965 4151 ,Georgd
988 4079 1002 4131 d
1026 4097 1050 4132 s.
1069 4079 1107 4132 De
1126 4080 1282 4151 Hespsrs‘ts‚

57 4174 122 4223 ms,
139 4155 184 4226 qui
203 4155 284 4209 bonos
301 4152 415 4208 Eridano
431 4152 511 4209 tribui
528 4153 614 4222 debet,
627 4161 653 4207 ct
688 4151 773 4218 ltalia,
785 4151 847 4205 AEn.
869 4170 892 4204 s.
914 4149 975 4216 sta.
995 4099 1035 4205 do
1053 4151 1206 4222 brimbs,
1219 4152 1283 4210 Eu.

57 4246 118 4283 reru
137 4225 281 4290 tribuitur,
309 4225 405 4296 ceorg.
436 4246 458 4280 r.
478 4224 542 4289 481.
560 4225 653 4282 sedob
690 4225 715 4278 5.
741 4240 798 4293 ¹19·
961 4276 964 4281 .

10 4342 17 4379 Ι
54 4300 166 4356 futuram
181 4297 384 4370 magnitudinem
403 4298 592 4382 neginaeurbis
601 4299 650 4353 lto·
697 4299 760 4379 ο(ε)
778 4296 889 4349 llumore
904 4292 1035 4378 secundo).
1053 4294 1147 4366 Spano
1160 4293 1228 4381 inter
1237 4296 1284 4350 mi·

10 4399 20 4459 ¹
54 4389 247 4500 etlinun
265 4369 555 4498 *tritum
568 4375 651 4512 ent
685 4367 1313 4521 teloneinutetlltltetn

53 4515 164 4592 numum
189 4518 344 4585 Eridanum,
363 4523 407 4569 aut
425 4515 552 4588 majorem
570 4515 651 4571 ullum
687 4530 752 4567 uero
769 4519 897 4584 sunium,
915 4512 1013 4584 crong.
1035 4531 1060 4568 s.
1082 4513 1125 4572 68.
