2866 5234
262 347 285 392 x
634 333 668 394 P.
691 327 857 393 vindicii
877 328 1060 393 Minonis

304 408 359 473 Est
379 415 410 473 et
430 413 573 475 adversus
594 412 717 474 AEueida
738 412 814 474 liber
833 411 950 472 Carbilii
976 411 1113 483 Pictoris,
1134 411 1202 473 titul

121 534 123 539 -
222 489 267 552 M.
281 489 442 569 Viprauius
462 513 562 556 cuma
578 493 751 556 Mecocnatc
764 496 948 571 suppositum
964 537 972 564 ‚
993 492 1162 571 appellabat
1183 513 1204 554 n

218 578 416 651 repertorem:
443 573 624 655 dicebatque·
641 593 737 654 neque
759 574 907 637 tumidum
921 591 999 646 esse,
1014 591 1108 650 neque
1128 573 1206 635 erile

219 654 306 712 nibus
328 654 430 715 verbis
449 672 523 735 opus
543 657 620 719 illud.
634 655 804 720 confecisse.
822 653 992 715 Herennius
1005 657 1080 715 vitia
1096 652 1162 731 ejus
1178 661 1207 715 ta

222 731 346 793 Petilius
365 733 524 800 Faustinus
541 737 633 799 lurta.
646 736 724 798 Sunt
744 742 777 798 at
795 734 833 810 Q.
846 734 968 794 Octavii
990 734 1070 794 hviti
1084 736 1212 797 votumiu

220 818 402 893 tatur‚qnos
417 821 452 878 et
474 819 552 880 unde
574 836 679 881 versus
701 817 892 880 transtulerit
911 816 1053 877 Asconius
1075 816 1214 879 Paediant

220 899 325 955 contra
346 895 560 961 obtrectatores
585 898 700 978 Virgilii
722 901 851 976 scripsit.
867 912 960 972 panca
980 897 1140 959 admodum
1153 897 1179 956 el
1193 896 1216 958 ol

220 977 254 1030 et
275 977 461 1050 potissimum
480 979 558 1057 quod
582 999 638 1042 non
662 987 742 1042 recle
765 978 917 1040 historiam
940 982 1109 1047 conteruit,
1124 982 1219 1054 etqon

221 1051 358 1116 Homero
379 1061 516 1137 sumpsit.
545 1059 603 1120 Sed
626 1063 682 1124 hoc
704 1063 817 1121 crimen
839 1059 881 1118 sic
901 1056 1062 1122 defendere
1082 1067 1221 1118 assuetus

223 1133 266 1192 illi
289 1153 410 1213 quoque
430 1138 535 1201 erdem
559 1140 639 1203 lurta
653 1142 829 1204 tentarent?
844 1156 949 1198 verum
965 1139 1178 1211 intellecturos,
1190 1139 1224 1201 tu

221 1214 281 1293 coli
300 1217 432 1294 clavam,
446 1239 538 1299 quam
558 1221 692 1284 Homero
714 1239 836 1285 versum
857 1221 1017 1296 surripere.
1035 1219 1074 1280 Et
1087 1221 1226 1283 tamsnd

222 1285 307 1367 dere,
332 1304 366 1359 ut
386 1305 482 1362 omnia
505 1304 542 1364 ad
563 1307 730 1365 satietatem
753 1301 966 1364 malevolorum
988 1301 1151 1361 decideret.
1169 1298 1227 1361 Rei

220 1375 328 1438 dianus
344 1425 352 1449 ‚
368 1380 539 1461 benignum,
560 1384 766 1460 cultoremque
787 1384 920 1442 omnium
941 1379 1086 1441 bonorum
1101 1388 1189 1458 atque
1204 1400 1227 1443 ei

219 1472 268 1525 sc.
283 1464 314 1517 et
335 1478 432 1540 usque
452 1463 527 1525 adeo
547 1465 674 1525 invidiae
695 1470 858 1542 expertem,
874 1465 907 1521 ut
927 1462 1039 1538 siquid
1061 1464 1178 1524 erudite
1191 1463 1227 1524 dis

220 1534 361 1614 alterius,
374 1559 432 1603 non
454 1545 554 1606 minus
574 1545 717 1622 gauderet
737 1565 772 1605 ac
793 1547 818 1604 sl
839 1560 928 1602 suum
951 1538 1082 1604 luisset:
1105 1547 1224 1604 nemine

217 1614 344 1680 laudare
364 1622 469 1683 bonos:
484 1643 518 1686 ea
539 1625 724 1686 humanitate
744 1642 823 1698 esso,
838 1629 871 1684 ut
892 1621 946 1680 nisi
961 1641 1122 1702 perversus
1138 1625 1227 1684 masis

218 1695 284 1756 lum
306 1717 364 1761 nou
384 1702 519 1782 diligeret
539 1707 638 1779 modo,
654 1706 706 1766 sad
728 1711 856 1768 amaret.
872 1701 952 1763 Nihil
975 1705 1085 1785 proprii
1107 1705 1217 1764 babere

212 1775 399 1844 vbibliotheca
423 1804 481 1848 riou
502 1788 599 1848 minus
620 1788 686 1848 aliis
708 1787 800 1848 doctis
822 1783 953 1866 patebat.
969 1805 1005 1849 ac
1021 1786 1088 1844 sibi:
1105 1785 1227 1860 illudqui

218 1859 334 1936 tiquam
355 1876 443 1944 saepe
464 1868 637 1948 usurpabat:
659 1887 691 1925 rs
710 1889 760 1926 sus
781 1875 863 1944 piiss
886 1884 975 1940 suisa,
998 1867 1164 1926 communio
1186 1882 1227 1924 css

217 1941 425 2018 mnic'Quare
445 1966 573 2011 coaevos
593 1967 697 2012 omues
717 1955 819 2028 poetas
840 1954 880 2012 ita
900 1947 1055 2026 adjunctos
1075 1947 1227 2014 habuihu

217 2019 384 2097 plurimum
404 2026 513 2088 invidia
535 2029 784 2098 arderent.illum
805 2048 863 2092 una
883 2045 987 2088 omues
1001 2029 1144 2092 colorent.
1158 2025 1227 2085 Veri

217 2105 325 2192 ratius.
340 2103 457 2176 Gallus,
470 2107 655 2188 Propertius.
669 2110 766 2173 haser
780 2129 861 2179 vero.
873 2110 1011 2187 quoniam
1023 2109 1141 2166 Antonii
1157 2111 1227 2182 part<

216 2178 304 2241 illum
326 2200 384 2245 non
405 2187 581 2250 observasse
601 2191 720 2254 dicitur.
735 2190 910 2253 Cornificius
919 2188 957 2248 ob
971 2204 1144 2263 perversam
1157 2193 1226 2245 natu

217 2262 295 2323 tulit.
308 2257 430 2327 Gloriae
450 2286 523 2332 rere
543 2270 618 2333 adeo
640 2278 826 2348 contemptor
842 2272 907 2337 luit.
920 2273 1034 2327 alcum
1055 2268 1177 2344 quidam
1201 2287 1227 2328 vi

217 2343 273 2403 sibi
295 2345 508 2419 adscriberent.
522 2370 617 2430 eaque
638 2354 674 2413 de
696 2354 825 2414 reducti
847 2352 1039 2416 haberentur.
1054 2365 1111 2407 noir
1135 2348 1221 2405 morlo

217 2424 317 2492 rebat.
332 2429 425 2488 immo
444 2431 651 2510 voluptuosum
675 2437 702 2495 id
722 2434 776 2493 sibi
796 2439 871 2494 erat.
893 2429 970 2503 Cum
992 2430 1071 2489 enim
1092 2426 1228 2490 distichoa

219 2501 454 2588 leticitatemque
477 2512 601 2590 Augusti
622 2516 800 2587 continebat,
823 2513 962 2587 lecisset,
988 2510 1145 2586 salvisque
1166 2527 1225 2571 uon

219 2590 303 2650 olore
322 2584 478 2667 infixisset,
492 2596 522 2655 id
543 2599 609 2656 erat
628 2595 798 2676 ejusmodi:

463 2752 554 2818 Noeta
573 2757 651 2833 pluit
670 2762 750 2833 toto,
771 2757 888 2820 sedtum
908 2749 1072 2832 spectaculo
1091 2766 1200 2811 mnus:

543 2837 680 2898 Dicimus
699 2837 854 2921 imperium
874 2854 939 2896 com
960 2832 1032 2895 Jocc
1056 2829 1166 2891 Cursus
1188 2835 1227 2894 ha

219 2994 271 3054 diu
291 2997 464 3075 quaeritans
483 2997 659 3074 Angustus.
681 3000 836 3079 cujusnam
858 2998 891 3057 hi
911 3010 1017 3056 versos
1038 2996 1164 3061 essent,
1187 3011 1225 3054 eo

217 3091 278 3135 nou
301 3081 475 3140 inveniebat.
491 3079 647 3160 Bathyllus
668 3100 754 3155 vcro,
769 3086 854 3158 poeto
877 3078 1000 3154 quidam
1022 3072 1188 3142 mediocris.
1204 3080 1227 3134 ta

218 3157 275 3215 sibi
296 3160 461 3237 adscripsit.
476 3157 680 3234 Quamobrem
700 3163 826 3225 donatus
846 3161 1067 3242 honoratusque
1088 3167 1107 3207 a
1127 3155 1227 3215 Caesar

217 3254 277 3310 quo
298 3241 395 3300 animo
407 3259 463 3300 non
477 3242 573 3304 lercns
585 3241 741 3318 Virgilius.
754 3240 860 3302 lisdem
875 3239 967 3296 valvis
978 3235 1072 3293 alliut
1084 3242 1190 3305 quater
1212 3235 1227 3294 h

216 3316 269 3376 Sic
289 3337 337 3378 vos
356 3338 414 3382 non
433 3323 524 3385 uobis.
539 3322 708 3384 Postulabat
728 3323 879 3397 Augustus
901 3323 934 3376 ut
955 3318 983 3375 hi
1007 3326 1112 3372 versos
1127 3316 1224 3392 compi

217 3415 287 3458 cum
306 3400 414 3465 frustra
426 3403 517 3483 aliqui
530 3405 626 3465 conati
641 3406 755 3476 essent.
769 3399 912 3480 Virgilius
926 3394 1093 3476 praeposito
1106 3393 1227 3459 distich<

459 3565 524 3630 Hos
545 3584 596 3646 epo
615 3566 768 3626 mmicotos
786 3565 841 3645 feci
852 3587 861 3633 .·
884 3562 950 3622 tulit
970 3559 1045 3620 ulter
1062 3558 1189 3621 honores.

458 3648 581 3710 Siccos
601 3666 659 3708 non
679 3646 757 3706 vobis
777 3644 940 3727 nidificastis
963 3659 1042 3702 oses.

444 3729 511 3794 'Sic
532 3746 582 3790 cos
600 3747 659 3788 non
679 3727 756 3788 uobis
776 3727 882 3787 uellera
902 3724 981 3802 sertis
1001 3740 1076 3783 oses.

461 3810 514 3871 Sic
533 3829 584 3869 aas
603 3828 663 3868 non
681 3807 760 3868 cobis
780 3807 951 3885 mellificatis
972 3820 1051 3882 opes.

460 3891 510 3954 se
530 3909 577 3952 uos
598 3908 657 3950 non
677 3889 755 3949 vobis
772 3889 855 3969 fertis
877 3895 976 3947 aratro
997 3886 1091 3947 boues.

214 4049 283 4123 Quo
303 4055 420 4130 cognito
440 4052 608 4132 aliquandiu
629 4049 784 4131 Bathyllus
804 4048 918 4111 Romae
939 4048 1038 4110 labula
1058 4048 1127 4110 lull.
1150 4046 1227 4108 illari

213 4135 285 4194 tior.
309 4133 386 4195 Cum
406 4137 432 4196 is
451 4135 606 4214 aliquando
628 4134 757 4195 linaium
777 4132 806 4191 in
828 4148 920 4193 manu
941 4130 1075 4198 haberet.
1090 4135 1227 4204 rogarctn

210 4208 334 4287 laceret,
350 4216 508 4296 respondit.
520 4234 552 4276 sc
564 4232 672 4277 aurum
687 4214 824 4290 colligere
839 4212 876 4274 de
896 4219 1029 4274 stercore
1049 4210 1147 4272 Ennii.
1167 4207 1227 4270 llal

211 4292 264 4352 ille
284 4299 416 4374 egregias
436 4296 607 4365 constantias,
622 4295 678 4357 sub
698 4286 877 4356 verbis‘non
898 4293 1025 4354 multum
1047 4293 1171 4352 ornatis.
1196 4290 1227 4351 tn

211 4379 299 4447 gusto
318 4394 380 4453 quo
401 4382 487 4455 pacto
506 4376 633 4439 feliciter
652 4378 755 4439 civitas
774 4366 1004 4454 gubernaretur:
1020 4371 1063 4446 Si,
1078 4374 1184 4451 inquit,
1203 4390 1227 4448 pi

209 4468 329 4518 munem
350 4459 509 4528 tenuerint,
524 4463 555 4518 et
574 4456 643 4520 boui
664 4457 749 4519 malis
771 4459 1002 4533 praeponantur:
1020 4455 1118 4529 itaque
1129 4452 1227 4528 optimi

207 4531 348 4606 honoros.
364 4540 435 4601 nntli
456 4543 557 4601 umen
578 4541 707 4601 aliorum
728 4536 833 4615 injusti
854 4538 1019 4612 quicquam
1037 4532 1100 4592 hat.
1116 4531 1156 4590 ht
1176 4532 1227 4594 Me

120 4670 123 4675 .
208 4615 312 4695 inquit,
330 4618 447 4704 Virgiti,
464 4622 632 4687 salutatem
653 4619 768 4684 homini
791 4633 850 4680 non
873 4613 976 4678 allecti
990 4613 1134 4679 Omnium
1156 4631 1227 4680 reru
