<?xml version="1.0" encoding="UTF-8"?>
<!DOCTYPE html PUBLIC "-//W3C//DTD XHTML 1.0 Transitional//EN"
    "http://www.w3.org/TR/xhtml1/DTD/xhtml1-transitional.dtd">
<html xmlns="http://www.w3.org/1999/xhtml" xml:lang="en" lang="en">
 <head>
  <title>
</title>
<meta http-equiv="Content-Type" content="text/html;charset=utf-8" />
  <meta name='ocr-system' content='tesseract 3.04.00' />
  <meta name='ocr-capabilities' content='ocr_page ocr_carea ocr_par ocr_line ocrx_word'/>
</head>
<body>
  <div class='ocr_page' id='page_1' title='image "./pvirgiliimaroni04virggoog/pvirgiliimaroni04virggoog_0416.png"; bbox 0 0 2866 5234; ppageno 0'>
   <div class='ocr_carea' id='block_1_1' title="bbox 481 286 855 395">
    <p class='ocr_par' dir='ltr' id='par_1_1' title="bbox 481 286 855 395">
     <span class='ocr_line' id='line_1_1' title="bbox 481 286 855 395; baseline -0.016 0"><span class='ocrx_word' id='word_1_1' title='bbox 481 369 486 378; x_wconf 79' lang='lat'><strong>·</strong></span> <span class='ocrx_word' id='word_1_2' title='bbox 513 333 707 395; x_wconf 79' lang='lat' dir='ltr'><strong>runcinus</strong></span> <span class='ocrx_word' id='word_1_3' title='bbox 729 331 798 390; x_wconf 81' lang='lat' dir='ltr'><strong>tre.</strong></span> <span class='ocrx_word' id='word_1_4' title='bbox 823 286 855 389; x_wconf 75' lang='lat' dir='ltr'><strong>i.</strong></span> 
     </span>
    </p>
   </div>
   <div class='ocr_carea' id='block_1_2' title="bbox 139 438 1218 1243">
    <p class='ocr_par' dir='ltr' id='par_1_2' title="bbox 139 438 1218 1243">
     <span class='ocr_line' id='line_1_2' title="bbox 139 438 910 512; baseline -0.006 -12"><span class='ocrx_word' id='word_1_5' title='bbox 139 441 196 501; x_wconf 83' lang='grc' dir='ltr'><strong>1Ιὸ</strong></span> <span class='ocrx_word' id='word_1_6' title='bbox 218 440 350 512; x_wconf 83' lang='lat' dir='ltr'><strong>Quatuor</strong></span> <span class='ocrx_word' id='word_1_7' title='bbox 370 458 406 499; x_wconf 84' lang='lat' dir='ltr'><strong>en</strong></span> <span class='ocrx_word' id='word_1_8' title='bbox 427 442 504 501; x_wconf 80' lang='lat' dir='ltr'><strong>omiti</strong></span> <span class='ocrx_word' id='word_1_9' title='bbox 525 440 655 499; x_wconf 84' lang='lat' dir='ltr'><strong>delectae</strong></span> <span class='ocrx_word' id='word_1_10' title='bbox 674 438 768 498; x_wconf 83' lang='lat' dir='ltr'><strong>classe</strong></span> <span class='ocrx_word' id='word_1_11' title='bbox 788 441 910 495; x_wconf 67' lang='lat' dir='ltr'><strong>(tarinae.</strong></span> 
     </span>
     <span class='ocr_line' id='line_1_3' title="bbox 223 519 1013 595; baseline -0.003 -20"><span class='ocrx_word' id='word_1_12' title='bbox 223 523 357 580; x_wconf 81' lang='lat' dir='ltr'><strong>velocem</strong></span> <span class='ocrx_word' id='word_1_13' title='bbox 382 521 545 580; x_wconf 73' lang='lat' dir='ltr'><strong>Mnestheus</strong></span> <span class='ocrx_word' id='word_1_14' title='bbox 564 521 622 595; x_wconf 87' lang='lat' dir='ltr'><strong>agit</strong></span> <span class='ocrx_word' id='word_1_15' title='bbox 643 519 702 577; x_wconf 87' lang='lat' dir='ltr'><strong>aori</strong></span> <span class='ocrx_word' id='word_1_16' title='bbox 724 521 833 593; x_wconf 78' lang='lat' dir='ltr'>remige</span> <span class='ocrx_word' id='word_1_17' title='bbox 857 519 959 577; x_wconf 77' lang='lat' dir='ltr'><strong>t’ristin</strong></span> <span class='ocrx_word' id='word_1_18' title='bbox 982 527 1013 585; x_wconf 85' lang='lat'><strong>¹,</strong></span> 
     </span>
     <span class='ocr_line' id='line_1_4' title="bbox 223 596 1176 675; baseline -0.005 -18"><span class='ocrx_word' id='word_1_19' title='bbox 223 603 288 659; x_wconf 83' lang='lat' dir='ltr'><strong>itox</strong></span> <span class='ocrx_word' id='word_1_20' title='bbox 310 600 399 661; x_wconf 87' lang='lat' dir='ltr'><strong>ltalus</strong></span> <span class='ocrx_word' id='word_1_21' title='bbox 422 600 588 659; x_wconf 71' lang='lat' dir='ltr'>Mnestheus</span> <span class='ocrx_word' id='word_1_22' title='bbox 608 606 647 669; x_wconf 83' lang='lat'><strong>¹,</strong></span> <span class='ocrx_word' id='word_1_23' title='bbox 667 612 758 675; x_wconf 84' lang='lat' dir='ltr'><strong>gertus</strong></span> <span class='ocrx_word' id='word_1_24' title='bbox 779 619 792 656; x_wconf 89' lang='lat' dir='ltr'><strong>a</strong></span> <span class='ocrx_word' id='word_1_25' title='bbox 815 617 874 674; x_wconf 92' lang='lat' dir='ltr'><strong>quo</strong></span> <span class='ocrx_word' id='word_1_26' title='bbox 895 600 1009 657; x_wconf 83' lang='lat' dir='ltr'><strong>riornino</strong></span> <span class='ocrx_word' id='word_1_27' title='bbox 1031 596 1176 657; x_wconf 79' lang='lat' dir='ltr'><strong>hiemini:</strong></span> 
     </span>
     <span class='ocr_line' id='line_1_5' title="bbox 223 678 1091 759; baseline -0.002 -19"><span class='ocrx_word' id='word_1_28' title='bbox 223 683 427 758; x_wconf 71' lang='lat' dir='ltr'><strong>ingentemque</strong></span> <span class='ocrx_word' id='word_1_29' title='bbox 447 678 526 759; x_wconf 74' lang='lat' dir='ltr'><strong>Gyas</strong></span> <span class='ocrx_word' id='word_1_30' title='bbox 545 681 653 755; x_wconf 75' lang='lat' dir='ltr'><strong>ingenti</strong></span> <span class='ocrx_word' id='word_1_31' title='bbox 673 679 750 739; x_wconf 88' lang='lat' dir='ltr'><strong>mole</strong></span> <span class='ocrx_word' id='word_1_32' title='bbox 770 680 979 747; x_wconf 87' lang='lat' dir='ltr'><strong>Chimaeram,</strong></span> <span class='ocrx_word' id='word_1_33' title='bbox 999 736 1004 745; x_wconf 83' lang='lat'>‚</span> <span class='ocrx_word' id='word_1_34' title='bbox 1083 696 1091 712; x_wconf 94' lang='grc'>·</span> 
     </span>
     <span class='ocr_line' id='line_1_6' title="bbox 221 758 1218 840; baseline -0.007 -18"><span class='ocrx_word' id='word_1_35' title='bbox 221 762 308 822; x_wconf 81' lang='lat' dir='ltr'>Urbis</span> <span class='ocrx_word' id='word_1_36' title='bbox 329 780 402 840; x_wconf 80' lang='lat' dir='ltr'><strong>opus</strong></span> <span class='ocrx_word' id='word_1_37' title='bbox 422 769 453 818; x_wconf 84' lang='lat'><strong>¹:</strong></span> <span class='ocrx_word' id='word_1_38' title='bbox 476 760 580 838; x_wconf 88' lang='lat' dir='ltr'><strong>tripiici</strong></span> <span class='ocrx_word' id='word_1_39' title='bbox 603 761 692 838; x_wconf 88' lang='lat' dir='ltr'><strong>pubes</strong></span> <span class='ocrx_word' id='word_1_40' title='bbox 711 778 801 836; x_wconf 88' lang='lat' dir='ltr'><strong>quam</strong></span> <span class='ocrx_word' id='word_1_41' title='bbox 824 758 956 819; x_wconf 83' lang='lat' dir='ltr'><strong>iia&#39;rdann</strong></span> <span class='ocrx_word' id='word_1_42' title='bbox 981 759 1101 819; x_wconf 65' lang='lat' dir='ltr'><strong>iiersu⁴</strong></span> <span class='ocrx_word' id='word_1_43' title='bbox 1212 784 1218 797; x_wconf 88' lang='lat'><strong>·</strong></span> 
     </span>
     <span class='ocr_line' id='line_1_7' title="bbox 144 840 933 917; baseline -0.001 -18"><span class='ocrx_word' id='word_1_44' title='bbox 144 841 202 900; x_wconf 75' lang='grc'><strong>120</strong></span> <span class='ocrx_word' id='word_1_45' title='bbox 224 841 378 917; x_wconf 90' lang='lat' dir='ltr'><strong>impellunt</strong></span> <span class='ocrx_word' id='word_1_46' title='bbox 395 889 402 910; x_wconf 85' lang='lat'><strong>,</strong></span> <span class='ocrx_word' id='word_1_47' title='bbox 424 849 507 902; x_wconf 87' lang='lat' dir='ltr'><strong>terno</strong></span> <span class='ocrx_word' id='word_1_48' title='bbox 526 847 706 916; x_wconf 85' lang='lat' dir='ltr'><strong>consurgunt</strong></span> <span class='ocrx_word' id='word_1_49' title='bbox 724 840 827 901; x_wconf 78' lang='lat' dir='ltr'><strong>ordine</strong></span> <span class='ocrx_word' id='word_1_50' title='bbox 847 843 933 900; x_wconf 88' lang='lat' dir='ltr'><strong>remi.</strong></span> 
     </span>
     <span class='ocr_line' id='line_1_8' title="bbox 223 920 1127 999; baseline -0.006 -18"><span class='ocrx_word' id='word_1_51' title='bbox 223 923 456 998; x_wconf 77' lang='lat' dir='ltr'><strong>Sergestusque‚</strong></span> <span class='ocrx_word' id='word_1_52' title='bbox 478 921 585 983; x_wconf 86' lang='lat' dir='ltr'><strong>domna</strong></span> <span class='ocrx_word' id='word_1_53' title='bbox 605 927 684 982; x_wconf 87' lang='lat' dir='ltr'><strong>tenet</strong></span> <span class='ocrx_word' id='word_1_54' title='bbox 704 938 720 980; x_wconf 86' lang='lat' dir='ltr'><strong>a</strong></span> <span class='ocrx_word' id='word_1_55' title='bbox 742 940 799 999; x_wconf 92' lang='lat' dir='ltr'><strong>quo</strong></span> <span class='ocrx_word' id='word_1_56' title='bbox 820 920 918 996; x_wconf 84' lang='lat' dir='ltr'><strong>Sergia</strong></span> <span class='ocrx_word' id='word_1_57' title='bbox 942 939 1066 991; x_wconf 89' lang='lat' dir='ltr'><strong>nomen,</strong></span> <span class='ocrx_word' id='word_1_58' title='bbox 1122 954 1127 971; x_wconf 58' lang='grc' dir='ltr'>ι</span> 
     </span>
     <span class='ocr_line' id='line_1_9' title="bbox 225 1000 1040 1081; baseline -0.006 -19"><span class='ocrx_word' id='word_1_59' title='bbox 225 1000 372 1062; x_wconf 90' lang='lat' dir='ltr'><strong>Centauro</strong></span> <span class='ocrx_word' id='word_1_60' title='bbox 391 1003 537 1064; x_wconf 83' lang='lat' dir='ltr'><strong>invehitur</strong></span> <span class='ocrx_word' id='word_1_61' title='bbox 559 1010 685 1077; x_wconf 78' lang='lat' dir='ltr'><strong>magna:</strong></span> <span class='ocrx_word' id='word_1_62' title='bbox 709 1000 862 1081; x_wconf 72' lang='lat' dir='ltr'><strong>Scyllaque</strong></span> <span class='ocrx_word' id='word_1_63' title='bbox 882 1000 1040 1063; x_wconf 85' lang='lat' dir='ltr'><strong>Cloanthus</strong></span> 
     </span>
     <span class='ocr_line' id='line_1_10' title="bbox 224 1080 986 1159; baseline -0.005 -20"><span class='ocrx_word' id='word_1_64' title='bbox 224 1083 387 1151; x_wconf 86' lang='lat' dir='ltr'><strong>Coerulea,</strong></span> <span class='ocrx_word' id='word_1_65' title='bbox 409 1100 498 1159; x_wconf 75' lang='lat' dir='ltr'><strong>gertus</strong></span> <span class='ocrx_word' id='word_1_66' title='bbox 521 1084 595 1141; x_wconf 76' lang='lat' dir='ltr'><strong>rende</strong></span> <span class='ocrx_word' id='word_1_67' title='bbox 615 1083 691 1154; x_wconf 88' lang='lat' dir='ltr'><strong>tibi,</strong></span> <span class='ocrx_word' id='word_1_68' title='bbox 713 1082 843 1143; x_wconf 80' lang='lat' dir='ltr'><strong>Romane</strong></span> <span class='ocrx_word' id='word_1_69' title='bbox 862 1080 986 1142; x_wconf 77' lang='lat' dir='ltr'><strong>Cluenti.</strong></span> 
     </span>
     <span class='ocr_line' id='line_1_11' title="bbox 223 1158 1082 1243; baseline -0.006 -20"><span class='ocrx_word' id='word_1_70' title='bbox 223 1163 277 1225; x_wconf 80' lang='lat' dir='ltr'><strong>Est</strong></span> <span class='ocrx_word' id='word_1_71' title='bbox 296 1162 395 1242; x_wconf 84' lang='lat' dir='ltr'><strong>procul</strong></span> <span class='ocrx_word' id='word_1_72' title='bbox 417 1166 451 1223; x_wconf 90' lang='lat' dir='ltr'><strong>in·</strong></span> <span class='ocrx_word' id='word_1_73' title='bbox 467 1165 568 1243; x_wconf 79' lang='lat' dir='ltr'><strong>pelago</strong></span> <span class='ocrx_word' id='word_1_74' title='bbox 590 1182 691 1225; x_wconf 88' lang='lat' dir='ltr'><strong>saxum</strong></span> <span class='ocrx_word' id='word_1_75' title='bbox 710 1210 717 1232; x_wconf 93' lang='lat'><strong>,</strong></span> <span class='ocrx_word' id='word_1_76' title='bbox 739 1167 902 1242; x_wconf 74' lang='lat' dir='ltr'><strong>spumantia</strong></span> <span class='ocrx_word' id='word_1_77' title='bbox 923 1169 1021 1223; x_wconf 87' lang='lat' dir='ltr'><strong>contra</strong></span> <span class='ocrx_word' id='word_1_78' title='bbox 1072 1158 1082 1175; x_wconf 74' lang='lat'>⁸</span> 
     </span>
    </p>
   </div>
   <div class='ocr_carea' id='block_1_3' title="bbox 471 1287 894 1347">
    <p class='ocr_par' dir='ltr' id='par_1_3' title="bbox 471 1287 894 1347">
     <span class='ocr_line' id='line_1_12' title="bbox 471 1287 894 1347; baseline 0 -4"><span class='ocrx_word' id='word_1_79' title='bbox 471 1287 894 1347; x_wconf 66' lang='lat' dir='ltr'><strong>thenneso-Tamo</strong></span> 
     </span>
    </p>
   </div>
   <div class='ocr_carea' id='block_1_4' title="bbox 56 1402 1301 1562">
    <p class='ocr_par' dir='ltr' id='par_1_4' title="bbox 56 1402 1301 1562">
     <span class='ocr_line' id='line_1_13' title="bbox 56 1402 1300 1481; baseline -0.003 -17"><span class='ocrx_word' id='word_1_80' title='bbox 56 1417 196 1464; x_wconf 83' lang='lat' dir='ltr'><strong>certamen.</strong></span> <span class='ocrx_word' id='word_1_81' title='bbox 216 1410 362 1465; x_wconf 73' lang='lat' dir='ltr'><strong>Mnestheus</strong></span> <span class='ocrx_word' id='word_1_82' title='bbox 374 1411 457 1481; x_wconf 84' lang='lat' dir='ltr'><strong>agitat</strong></span> <span class='ocrx_word' id='word_1_83' title='bbox 473 1402 584 1462; x_wconf 76' lang='lat' dir='ltr'><strong>fortibus</strong></span> <span class='ocrx_word' id='word_1_84' title='bbox 601 1408 741 1481; x_wconf 84' lang='lat' dir='ltr'><strong>remigibus</strong></span> <span class='ocrx_word' id='word_1_85' title='bbox 756 1408 866 1464; x_wconf 80' lang='lat' dir='ltr'><strong>celerem</strong></span> <span class='ocrx_word' id='word_1_86' title='bbox 885 1407 990 1473; x_wconf 73' lang='lat' dir='ltr'><strong>Pristin,</strong></span> <span class='ocrx_word' id='word_1_87' title='bbox 1005 1406 1165 1470; x_wconf 83' lang='lat' dir='ltr'><strong>Mnestheus,</strong></span> <span class='ocrx_word' id='word_1_88' title='bbox 1184 1408 1300 1480; x_wconf 59' lang='lat' dir='ltr'><strong>erponem</strong></span> 
     </span>
     <span class='ocr_line' id='line_1_14' title="bbox 56 1478 1301 1562; baseline -0.001 -27"><span class='ocrx_word' id='word_1_89' title='bbox 56 1500 116 1536; x_wconf 88' lang='lat' dir='ltr'><strong>mox</strong></span> <span class='ocrx_word' id='word_1_90' title='bbox 135 1483 234 1549; x_wconf 86' lang='lat' dir='ltr'><strong>italus,</strong></span> <span class='ocrx_word' id='word_1_91' title='bbox 253 1499 271 1536; x_wconf 93' lang='lat' dir='ltr'><strong>a</strong></span> <span class='ocrx_word' id='word_1_92' title='bbox 287 1499 338 1553; x_wconf 86' lang='lat' dir='ltr'><strong>quo</strong></span> <span class='ocrx_word' id='word_1_93' title='bbox 353 1484 456 1535; x_wconf 87' lang='lat' dir='ltr'><strong>nomine</strong></span> <span class='ocrx_word' id='word_1_94' title='bbox 474 1483 557 1535; x_wconf 87' lang='lat' dir='ltr'><strong>oritur</strong></span> <span class='ocrx_word' id='word_1_95' title='bbox 574 1480 673 1534; x_wconf 79' lang='lat' dir='ltr'><strong>inmitia</strong></span> <span class='ocrx_word' id='word_1_96' title='bbox 688 1480 804 1535; x_wconf 80' lang='lat' dir='ltr'><strong>Memmii</strong></span> <span class='ocrx_word' id='word_1_97' title='bbox 820 1498 828 1562; x_wconf 72' lang='lat'>3</span> <span class='ocrx_word' id='word_1_98' title='bbox 846 1486 872 1534; x_wconf 89' lang='lat' dir='ltr'><strong>et</strong></span> <span class='ocrx_word' id='word_1_99' title='bbox 887 1482 956 1552; x_wconf 70' lang='lat' dir='ltr'><strong>Gyas</strong></span> <span class='ocrx_word' id='word_1_100' title='bbox 973 1494 1095 1551; x_wconf 84' lang='lat' dir='ltr'><strong>magnam</strong></span> <span class='ocrx_word' id='word_1_101' title='bbox 1113 1478 1301 1545; x_wconf 83' lang='lat' dir='ltr'><strong>Chimaeram,</strong></span> 
     </span>
    </p>
   </div>
   <div class='ocr_carea' id='block_1_5' title="bbox 57 1549 1345 1697">
    <p class='ocr_par' dir='ltr' id='par_1_5' title="bbox 57 1549 1345 1697">
     <span class='ocr_line' id='line_1_15' title="bbox 57 1549 1345 1673; baseline 0 -67"><span class='ocrx_word' id='word_1_102' title='bbox 57 1571 154 1638; x_wconf 79' lang='lat' dir='ltr'><strong>magna</strong></span> <span class='ocrx_word' id='word_1_103' title='bbox 170 1553 244 1619; x_wconf 90' lang='lat' dir='ltr'><strong>mole,</strong></span> <span class='ocrx_word' id='word_1_104' title='bbox 261 1553 517 1638; x_wconf 27' lang='lat' dir='ltr'><strong>oppans&#39;pemr&#39;urbis</strong></span> <span class='ocrx_word' id='word_1_105' title='bbox 530 1572 536 1607; x_wconf 93' lang='lat'><strong>:</strong></span> <span class='ocrx_word' id='word_1_106' title='bbox 549 1569 626 1621; x_wconf 86' lang='lat' dir='ltr'><strong>quam</strong></span> <span class='ocrx_word' id='word_1_107' title='bbox 640 1554 749 1622; x_wconf 70' lang='lat' dir='ltr'><strong>invenes</strong></span> <span class='ocrx_word' id='word_1_108' title='bbox 765 1552 873 1673; x_wconf 66' lang='lat' dir='ltr'><strong>Tropani</strong></span> <span class='ocrx_word' id='word_1_109' title='bbox 885 1553 985 1633; x_wconf 86' lang='lat' dir='ltr'><strong>¹triplici</strong></span> <span class='ocrx_word' id='word_1_110' title='bbox 995 1568 1077 1635; x_wconf 28' lang='lat' dir='ltr'><strong>‘versu</strong></span> <span class='ocrx_word' id='word_1_111' title='bbox 1090 1551 1232 1634; x_wconf 77' lang='lat' dir='ltr'><strong>impellunt,</strong></span> <span class='ocrx_word' id='word_1_112' title='bbox 1252 1549 1302 1606; x_wconf 64' lang='grc' dir='ltr'><strong>ον’</strong></span> <span class='ocrx_word' id='word_1_113' title='bbox 1340 1608 1345 1615; x_wconf 77' lang='grc'><strong>,</strong></span> 
     </span>
     <span class='ocr_line' id='line_1_16' title="bbox 57 1623 1315 1697; baseline -0.003 -20"><span class='ocrx_word' id='word_1_114' title='bbox 57 1643 125 1678; x_wconf 83' lang='lat' dir='ltr'><strong>remi</strong></span> <span class='ocrx_word' id='word_1_115' title='bbox 141 1631 250 1697; x_wconf 81' lang='lat' dir='ltr'><strong>surgunt</strong></span> <span class='ocrx_word' id='word_1_116' title='bbox 267 1628 363 1696; x_wconf 81' lang='lat' dir='ltr'><strong>triphcr</strong></span> <span class='ocrx_word' id='word_1_117' title='bbox 379 1625 479 1680; x_wconf 80' lang='lat' dir='ltr'><strong>ordine.</strong></span> <span class='ocrx_word' id='word_1_118' title='bbox 499 1624 533 1679; x_wconf 83' lang='lat' dir='ltr'><strong>Et</strong></span> <span class='ocrx_word' id='word_1_119' title='bbox 548 1624 691 1694; x_wconf 76' lang='lat' dir='ltr'><strong>Sergestus,</strong></span> <span class='ocrx_word' id='word_1_120' title='bbox 709 1642 727 1677; x_wconf 88' lang='lat' dir='ltr'><strong>a</strong></span> <span class='ocrx_word' id='word_1_121' title='bbox 743 1641 793 1695; x_wconf 85' lang='lat' dir='ltr'><strong>quo</strong></span> <span class='ocrx_word' id='word_1_122' title='bbox 820 1623 908 1675; x_wconf 88' lang='lat' dir='ltr'><strong>amrha</strong></span> <span class='ocrx_word' id='word_1_123' title='bbox 925 1625 1019 1695; x_wconf 84' lang='lat' dir='ltr'><strong>Sergia</strong></span> <span class='ocrx_word' id='word_1_124' title='bbox 1037 1624 1113 1676; x_wconf 78' lang='lat' dir='ltr'><strong>trahit</strong></span> <span class='ocrx_word' id='word_1_125' title='bbox 1131 1636 1236 1689; x_wconf 89' lang='lat' dir='ltr'><strong>nomen,</strong></span> <span class='ocrx_word' id='word_1_126' title='bbox 1257 1639 1315 1675; x_wconf 86' lang='lat' dir='ltr'><strong>se·.</strong></span> 
     </span>
    </p>
   </div>
   <div class='ocr_carea' id='block_1_6' title="bbox 10 1693 1300 1843">
    <p class='ocr_par' dir='ltr' id='par_1_6' title="bbox 10 1693 1300 1843">
     <span class='ocr_line' id='line_1_17' title="bbox 55 1693 1298 1769; baseline -0.004 -19"><span class='ocrx_word' id='word_1_127' title='bbox 55 1699 125 1751; x_wconf 91' lang='lat' dir='ltr'><strong>hitur</strong></span> <span class='ocrx_word' id='word_1_128' title='bbox 143 1701 272 1753; x_wconf 84' lang='lat' dir='ltr'><strong>Centauro</strong></span> <span class='ocrx_word' id='word_1_129' title='bbox 289 1714 405 1769; x_wconf 83' lang='lat' dir='ltr'><strong>magna:</strong></span> <span class='ocrx_word' id='word_1_130' title='bbox 425 1705 450 1750; x_wconf 90' lang='lat' dir='ltr'><strong>et</strong></span> <span class='ocrx_word' id='word_1_131' title='bbox 468 1695 627 1759; x_wconf 71' lang='lat' dir='ltr'><strong>Cloanthus,</strong></span> <span class='ocrx_word' id='word_1_132' title='bbox 646 1695 715 1749; x_wconf 90' lang='lat' dir='ltr'><strong>unde</strong></span> <span class='ocrx_word' id='word_1_133' title='bbox 733 1696 779 1749; x_wconf 86' lang='lat' dir='ltr'><strong>tibi</strong></span> <span class='ocrx_word' id='word_1_134' title='bbox 794 1696 870 1765; x_wconf 84' lang='lat' dir='ltr'><strong>origo</strong></span> <span class='ocrx_word' id='word_1_135' title='bbox 886 1701 945 1759; x_wconf 77' lang='lat' dir='ltr'><strong>est,</strong></span> <span class='ocrx_word' id='word_1_136' title='bbox 964 1716 979 1746; x_wconf 88' lang='lat' dir='ltr'><strong>o</strong></span> <span class='ocrx_word' id='word_1_137' title='bbox 996 1693 1097 1749; x_wconf 85' lang='lat' dir='ltr'><strong>Cluenti</strong></span> <span class='ocrx_word' id='word_1_138' title='bbox 1115 1699 1238 1759; x_wconf 82' lang='lat' dir='ltr'><strong>hnmano,</strong></span> <span class='ocrx_word' id='word_1_139' title='bbox 1257 1712 1298 1745; x_wconf 84' lang='lat' dir='ltr'><strong>re·</strong></span> 
     </span>
     <span class='ocr_line' id='line_1_18' title="bbox 10 1762 1300 1843; baseline -0.005 -20"><span class='ocrx_word' id='word_1_140' title='bbox 10 1762 18 1785; x_wconf 81' lang='lat'>&#39;</span> <span class='ocrx_word' id='word_1_141' title='bbox 55 1773 128 1824; x_wconf 89' lang='lat' dir='ltr'><strong>hitur</strong></span> <span class='ocrx_word' id='word_1_142' title='bbox 145 1771 232 1843; x_wconf 70' lang='lat' dir='ltr'><strong>Scylla</strong></span> <span class='ocrx_word' id='word_1_143' title='bbox 247 1769 376 1824; x_wconf 85' lang='lat' dir='ltr'><strong>coerulea.</strong></span> <span class='ocrx_word' id='word_1_144' title='bbox 396 1768 487 1823; x_wconf 83' lang='lat' dir='ltr'><strong>Procul</strong></span> <span class='ocrx_word' id='word_1_145' title='bbox 505 1769 531 1822; x_wconf 92' lang='lat' dir='ltr'><strong>iu</strong></span> <span class='ocrx_word' id='word_1_146' title='bbox 550 1767 639 1832; x_wconf 89' lang='lat' dir='ltr'><strong>mari,</strong></span> <span class='ocrx_word' id='word_1_147' title='bbox 664 1766 781 1821; x_wconf 78' lang='lat' dir='ltr'><strong>adversus</strong></span> <span class='ocrx_word' id='word_1_148' title='bbox 795 1783 939 1838; x_wconf 85' lang='lat' dir='ltr'><strong>spumosum</strong></span> <span class='ocrx_word' id='word_1_149' title='bbox 955 1767 1036 1833; x_wconf 84' lang='lat' dir='ltr'><strong>litus,</strong></span> <span class='ocrx_word' id='word_1_150' title='bbox 1059 1775 1097 1819; x_wconf 89' lang='lat' dir='ltr'><strong>est</strong></span> <span class='ocrx_word' id='word_1_151' title='bbox 1113 1785 1205 1837; x_wconf 86' lang='lat' dir='ltr'><strong>rupes,</strong></span> <span class='ocrx_word' id='word_1_152' title='bbox 1234 1782 1300 1836; x_wconf 85' lang='lat' dir='ltr'><strong>quae</strong></span> 
     </span>
    </p>
   </div>
   <div class='ocr_carea' id='block_1_7' title="bbox 41 1894 1374 3855">
    <p class='ocr_par' dir='ltr' id='par_1_7' title="bbox 54 1894 1374 2343">
     <span class='ocr_line' id='line_1_19' title="bbox 54 1894 1353 1980; baseline -0.002 -16"><span class='ocrx_word' id='word_1_153' title='bbox 54 1912 125 1964; x_wconf 70' lang='lat' dir='ltr'><strong>erinna</strong></span> <span class='ocrx_word' id='word_1_154' title='bbox 142 1912 283 1965; x_wconf 83' lang='lat' dir='ltr'><strong>decorans.</strong></span> <span class='ocrx_word' id='word_1_155' title='bbox 303 1894 380 1979; x_wconf 78' lang='lat' dir='ltr'><strong>Cujus</strong></span> <span class='ocrx_word' id='word_1_156' title='bbox 396 1909 539 1980; x_wconf 81' lang='lat' dir='ltr'><strong>exemplum</strong></span> <span class='ocrx_word' id='word_1_157' title='bbox 569 1909 595 1961; x_wconf 91' lang='lat' dir='ltr'><strong>in</strong></span> <span class='ocrx_word' id='word_1_158' title='bbox 615 1900 662 1961; x_wconf 85' lang='lat' dir='ltr'><strong>tto-</strong></span> <span class='ocrx_word' id='word_1_159' title='bbox 696 1907 827 1980; x_wconf 82' lang='lat' dir='ltr'><strong>significat</strong></span> <span class='ocrx_word' id='word_1_160' title='bbox 843 1924 951 1961; x_wconf 85' lang='lat' dir='ltr'><strong>navem:</strong></span> <span class='ocrx_word' id='word_1_161' title='bbox 965 1908 1066 1979; x_wconf 84' lang='lat' dir='ltr'><strong>qualem</strong></span> <span class='ocrx_word' id='word_1_162' title='bbox 1085 1915 1168 1961; x_wconf 78' lang='lat' dir='ltr'><strong>tauma</strong></span> <span class='ocrx_word' id='word_1_163' title='bbox 1181 1906 1301 1978; x_wconf 82' lang='lat' dir='ltr'><strong>Trojanis</strong></span> <span class='ocrx_word' id='word_1_164' title='bbox 1346 1926 1353 1943; x_wconf 75' lang='lat'><strong><em>¹</em></strong></span> 
     </span>
     <span class='ocr_line' id='line_1_20' title="bbox 55 1978 1298 2051; baseline -0.003 -17"><span class='ocrx_word' id='word_1_165' title='bbox 55 2000 127 2034; x_wconf 91' lang='lat' dir='ltr'><strong>mero</strong></span> <span class='ocrx_word' id='word_1_166' title='bbox 147 1999 196 2034; x_wconf 93' lang='lat' dir='ltr'><strong>non</strong></span> <span class='ocrx_word' id='word_1_167' title='bbox 213 1979 302 2033; x_wconf 85' lang='lat' dir='ltr'><strong>babuit</strong></span> <span class='ocrx_word' id='word_1_168' title='bbox 319 1980 464 2049; x_wconf 62' lang='lat' dir='ltr'><strong>Vegium</strong></span> <span class='ocrx_word' id='word_1_169' title='bbox 484 1999 532 2035; x_wconf 89' lang='lat' dir='ltr'><strong>nec</strong></span> <span class='ocrx_word' id='word_1_170' title='bbox 548 1998 663 2035; x_wconf 84' lang='lat' dir='ltr'><strong>rororo-</strong></span> <span class='ocrx_word' id='word_1_171' title='bbox 698 1981 851 2051; x_wconf 88' lang='lat' dir='ltr'><strong>temporibus</strong></span> <span class='ocrx_word' id='word_1_172' title='bbox 868 1982 979 2034; x_wconf 89' lang='lat' dir='ltr'><strong>nondum</strong></span> <span class='ocrx_word' id='word_1_173' title='bbox 997 1978 1073 2033; x_wconf 78' lang='lat' dir='ltr'><strong>inimo</strong></span> <span class='ocrx_word' id='word_1_174' title='bbox 1096 1978 1227 2051; x_wconf 83' lang='lat' dir='ltr'><strong>probabile</strong></span> <span class='ocrx_word' id='word_1_175' title='bbox 1244 1986 1298 2041; x_wconf 88' lang='lat' dir='ltr'><strong>ost;</strong></span> 
     </span>
     <span class='ocr_line' id='line_1_21' title="bbox 56 2050 1298 2126; baseline 0.001 -22"><span class='ocrx_word' id='word_1_176' title='bbox 56 2055 104 2106; x_wconf 89' lang='lat' dir='ltr'><strong>init</strong></span> <span class='ocrx_word' id='word_1_177' title='bbox 122 2070 224 2106; x_wconf 83' lang='lat' dir='ltr'><strong>crirsum</strong></span> <span class='ocrx_word' id='word_1_178' title='bbox 243 2052 311 2105; x_wconf 89' lang='lat' dir='ltr'><strong>illius</strong></span> <span class='ocrx_word' id='word_1_179' title='bbox 321 2058 463 2125; x_wconf 83' lang='lat' dir='ltr'><strong>equestrem</strong></span> <span class='ocrx_word' id='word_1_180' title='bbox 481 2054 662 2126; x_wconf 56' lang='lat' dir='ltr'><strong>imitaripqnia</strong></span> <span class='ocrx_word' id='word_1_181' title='bbox 696 2054 741 2105; x_wconf 86' lang='lat' dir='ltr'><strong>sod</strong></span> <span class='ocrx_word' id='word_1_182' title='bbox 760 2053 876 2119; x_wconf 74' lang='lat' dir='ltr'><strong>Poetae,</strong></span> <span class='ocrx_word' id='word_1_183' title='bbox 895 2061 924 2107; x_wconf 91' lang='lat' dir='ltr'><strong>ut</strong></span> <span class='ocrx_word' id='word_1_184' title='bbox 941 2050 1021 2105; x_wconf 88' lang='lat' dir='ltr'><strong>multa</strong></span> <span class='ocrx_word' id='word_1_185' title='bbox 1040 2051 1114 2113; x_wconf 84' lang='lat' dir='ltr'><strong>alia,</strong></span> <span class='ocrx_word' id='word_1_186' title='bbox 1137 2054 1174 2104; x_wconf 89' lang='lat' dir='ltr'><strong>sic</strong></span> <span class='ocrx_word' id='word_1_187' title='bbox 1192 2059 1219 2104; x_wconf 89' lang='lat' dir='ltr'><strong>et</strong></span> <span class='ocrx_word' id='word_1_188' title='bbox 1236 2051 1298 2105; x_wconf 91' lang='lat' dir='ltr'><strong>illud</strong></span> 
     </span>
     <span class='ocr_line' id='line_1_22' title="bbox 55 2122 1301 2197; baseline -0.002 -20"><span class='ocrx_word' id='word_1_189' title='bbox 55 2127 181 2179; x_wconf 86' lang='lat' dir='ltr'><strong>Homerus</strong></span> <span class='ocrx_word' id='word_1_190' title='bbox 199 2127 227 2177; x_wconf 91' lang='lat' dir='ltr'><strong>iu</strong></span> <span class='ocrx_word' id='word_1_191' title='bbox 243 2142 274 2178; x_wconf 86' lang='lat' dir='ltr'><strong>eo</strong></span> <span class='ocrx_word' id='word_1_192' title='bbox 290 2125 346 2195; x_wconf 87' lang='lat' dir='ltr'><strong>plus</strong></span> <span class='ocrx_word' id='word_1_193' title='bbox 363 2142 455 2194; x_wconf 82' lang='lat' dir='ltr'><strong>operae</strong></span> <span class='ocrx_word' id='word_1_194' title='bbox 480 2126 605 2197; x_wconf 88' lang='lat' dir='ltr'><strong>studiique</strong></span> <span class='ocrx_word' id='word_1_195' title='bbox 621 2141 664 2196; x_wconf 91' lang='lat' dir='ltr'><strong>po-</strong></span> <span class='ocrx_word' id='word_1_196' title='bbox 698 2144 744 2196; x_wconf 87' lang='lat' dir='ltr'><strong>per</strong></span> <span class='ocrx_word' id='word_1_197' title='bbox 762 2126 971 2196; x_wconf 74' lang='lat' dir='ltr'><strong>anticipationem</strong></span> <span class='ocrx_word' id='word_1_198' title='bbox 990 2124 1078 2177; x_wconf 85' lang='lat' dir='ltr'><strong>dicere</strong></span> <span class='ocrx_word' id='word_1_199' title='bbox 1094 2123 1176 2178; x_wconf 86' lang='lat' dir='ltr'><strong>licuit.</strong></span> <span class='ocrx_word' id='word_1_200' title='bbox 1189 2122 1257 2192; x_wconf 77' lang='lat' dir='ltr'><strong>Quid</strong></span> <span class='ocrx_word' id='word_1_201' title='bbox 1265 2125 1301 2175; x_wconf 87' lang='lat' dir='ltr'><strong>sit</strong></span> 
     </span>
     <span class='ocr_line' id='line_1_23' title="bbox 56 2196 1374 2270; baseline 0 -22"><span class='ocrx_word' id='word_1_202' title='bbox 56 2196 458 2264; x_wconf 79' lang='lat' dir='ltr'><strong>sirera131udoanlioaimitatus</strong></span> <span class='ocrx_word' id='word_1_203' title='bbox 479 2206 524 2265; x_wconf 87' lang='lat' dir='ltr'><strong>est,</strong></span> <span class='ocrx_word' id='word_1_204' title='bbox 541 2215 605 2270; x_wconf 85' lang='lat' dir='ltr'><strong>qnos</strong></span> <span class='ocrx_word' id='word_1_205' title='bbox 619 2198 663 2251; x_wconf 87' lang='lat' dir='ltr'><strong>ille</strong></span> <span class='ocrx_word' id='word_1_206' title='bbox 697 2205 784 2252; x_wconf 86' lang='lat' dir='ltr'><strong>autem</strong></span> <span class='ocrx_word' id='word_1_207' title='bbox 803 2200 830 2252; x_wconf 91' lang='lat' dir='ltr'><strong>in</strong></span> <span class='ocrx_word' id='word_1_208' title='bbox 848 2198 955 2252; x_wconf 88' lang='lat' dir='ltr'><strong>naribus</strong></span> <span class='ocrx_word' id='word_1_209' title='bbox 972 2214 1065 2251; x_wconf 62' lang='lat' dir='ltr'><strong>omaus</strong></span> <span class='ocrx_word' id='word_1_210' title='bbox 1087 2204 1113 2249; x_wconf 90' lang='lat' dir='ltr'><strong>et</strong></span> <span class='ocrx_word' id='word_1_211' title='bbox 1136 2196 1203 2250; x_wconf 83' lang='lat' dir='ltr'><strong>ordo</strong></span> <span class='ocrx_word' id='word_1_212' title='bbox 1218 2212 1300 2249; x_wconf 73' lang='lat' dir='ltr'><strong>mma-</strong></span> <span class='ocrx_word' id='word_1_213' title='bbox 1371 2258 1374 2263; x_wconf 28' lang='grc' dir='ltr'>Ι</span> 
     </span>
     <span class='ocr_line' id='line_1_24' title="bbox 56 2268 1305 2343; baseline 0.002 -22"><span class='ocrx_word' id='word_1_214' title='bbox 56 2269 140 2322; x_wconf 89' lang='lat' dir='ltr'><strong>minus</strong></span> <span class='ocrx_word' id='word_1_215' title='bbox 155 2270 294 2339; x_wconf 74' lang='lat' dir='ltr'><strong>diiigenter</strong></span> <span class='ocrx_word' id='word_1_216' title='bbox 309 2270 463 2339; x_wconf 69' lang='lat' dir='ltr'><strong>scripserat,</strong></span> <span class='ocrx_word' id='word_1_217' title='bbox 483 2270 558 2323; x_wconf 90' lang='lat' dir='ltr'><strong>lliad.</strong></span> <span class='ocrx_word' id='word_1_218' title='bbox 580 2270 625 2324; x_wconf 78' lang='lat' dir='ltr'><strong>sl.</strong></span> <span class='ocrx_word' id='word_1_219' title='bbox 667 2326 671 2335; x_wconf 61' lang='grc'><strong>,</strong></span> <span class='ocrx_word' id='word_1_220' title='bbox 697 2288 755 2325; x_wconf 91' lang='lat' dir='ltr'><strong>rum</strong></span> <span class='ocrx_word' id='word_1_221' title='bbox 771 2271 886 2341; x_wconf 87' lang='lat' dir='ltr'><strong>duplex,</strong></span> <span class='ocrx_word' id='word_1_222' title='bbox 907 2269 1023 2343; x_wconf 88' lang='lat' dir='ltr'><strong>triplex,</strong></span> <span class='ocrx_word' id='word_1_223' title='bbox 1042 2268 1213 2339; x_wconf 79' lang='lat' dir='ltr'><strong>quadruple13</strong></span> <span class='ocrx_word' id='word_1_224' title='bbox 1233 2268 1305 2323; x_wconf 83' lang='lat' dir='ltr'><strong>nate·</strong></span> 
     </span>
    </p>

    <p class='ocr_par' dir='ltr' id='par_1_8' title="bbox 41 2341 1374 3495">
     <span class='ocr_line' id='line_1_25' title="bbox 91 2341 1299 2415; baseline 0.001 -23"><span class='ocrx_word' id='word_1_225' title='bbox 91 2341 130 2412; x_wconf 89' lang='lat' dir='ltr'><strong>(r)</strong></span> <span class='ocrx_word' id='word_1_226' title='bbox 149 2341 263 2406; x_wconf 85' lang='lat' dir='ltr'><strong>Pristin,</strong></span> <span class='ocrx_word' id='word_1_227' title='bbox 281 2343 361 2414; x_wconf 77' lang='lat' dir='ltr'><strong>ete),</strong></span> <span class='ocrx_word' id='word_1_228' title='bbox 380 2343 462 2396; x_wconf 80' lang='lat' dir='ltr'><strong>Nasos</strong></span> <span class='ocrx_word' id='word_1_229' title='bbox 477 2349 596 2413; x_wconf 84' lang='lat' dir='ltr'><strong>qustuor,</strong></span> <span class='ocrx_word' id='word_1_230' title='bbox 615 2360 661 2397; x_wconf 87' lang='lat' dir='ltr'><strong>ae·</strong></span> <span class='ocrx_word' id='word_1_231' title='bbox 696 2346 830 2408; x_wconf 48' lang='lat' dir='ltr'><strong>memes,</strong></span> <span class='ocrx_word' id='word_1_232' title='bbox 859 2343 1006 2407; x_wconf 70' lang='lat' dir='ltr'><strong>triremes,</strong></span> <span class='ocrx_word' id='word_1_233' title='bbox 1026 2341 1207 2415; x_wconf 63' lang='lat' dir='ltr'><strong>quadriremes</strong></span> <span class='ocrx_word' id='word_1_234' title='bbox 1221 2376 1232 2407; x_wconf 85' lang='lat'><strong>,</strong></span> <span class='ocrx_word' id='word_1_235' title='bbox 1246 2350 1299 2395; x_wconf 85' lang='lat' dir='ltr'><strong>ete.</strong></span> 
     </span>
     <span class='ocr_line' id='line_1_26' title="bbox 55 2411 1300 2490; baseline 0.002 -25"><span class='ocrx_word' id='word_1_236' title='bbox 55 2414 143 2482; x_wconf 87' lang='lat' dir='ltr'><strong>quales</strong></span> <span class='ocrx_word' id='word_1_237' title='bbox 160 2414 337 2484; x_wconf 85' lang='lat' dir='ltr'><strong>magnitudine</strong></span> <span class='ocrx_word' id='word_1_238' title='bbox 359 2432 392 2468; x_wconf 88' lang='lat' dir='ltr'><strong>ao</strong></span> <span class='ocrx_word' id='word_1_239' title='bbox 407 2413 516 2480; x_wconf 87' lang='lat' dir='ltr'><strong>robore,</strong></span> <span class='ocrx_word' id='word_1_240' title='bbox 534 2416 585 2468; x_wconf 89' lang='lat' dir='ltr'><strong>suis</strong></span> <span class='ocrx_word' id='word_1_241' title='bbox 603 2415 661 2467; x_wconf 91' lang='lat' dir='ltr'><strong>insi·</strong></span> <span class='ocrx_word' id='word_1_242' title='bbox 695 2415 858 2490; x_wconf 83' lang='lat' dir='ltr'><strong>appellantur</strong></span> <span class='ocrx_word' id='word_1_243' title='bbox 873 2432 881 2478; x_wconf 79' lang='lat'>3</span> <span class='ocrx_word' id='word_1_244' title='bbox 901 2415 976 2466; x_wconf 85' lang='lat' dir='ltr'><strong>ratde</strong></span> <span class='ocrx_word' id='word_1_245' title='bbox 993 2413 1144 2483; x_wconf 87' lang='lat' dir='ltr'><strong>ambiguum</strong></span> <span class='ocrx_word' id='word_1_246' title='bbox 1164 2418 1211 2466; x_wconf 84' lang='lat' dir='ltr'><strong>est.</strong></span> <span class='ocrx_word' id='word_1_247' title='bbox 1230 2411 1300 2481; x_wconf 79' lang='lat' dir='ltr'><strong>Quia</strong></span> 
     </span>
     <span class='ocr_line' id='line_1_27' title="bbox 56 2484 1300 2558; baseline 0.001 -20"><span class='ocrx_word' id='word_1_248' title='bbox 56 2485 114 2555; x_wconf 90' lang='lat' dir='ltr'><strong>gnit</strong></span> <span class='ocrx_word' id='word_1_249' title='bbox 143 2484 284 2538; x_wconf 90' lang='lat' dir='ltr'><strong>nominibus</strong></span> <span class='ocrx_word' id='word_1_250' title='bbox 332 2504 381 2541; x_wconf 88' lang='lat' dir='ltr'><strong>uae</strong></span> <span class='ocrx_word' id='word_1_251' title='bbox 406 2488 510 2555; x_wconf 89' lang='lat' dir='ltr'><strong>epictis</strong></span> <span class='ocrx_word' id='word_1_252' title='bbox 539 2489 566 2539; x_wconf 89' lang='lat' dir='ltr'><strong>in</strong></span> <span class='ocrx_word' id='word_1_253' title='bbox 584 2488 661 2558; x_wconf 85' lang='lat' dir='ltr'><strong>puppi</strong></span> <span class='ocrx_word' id='word_1_254' title='bbox 698 2498 783 2542; x_wconf 84' lang='lat' dir='ltr'><strong>tumen</strong></span> <span class='ocrx_word' id='word_1_255' title='bbox 810 2505 842 2539; x_wconf 86' lang='lat' dir='ltr'><strong>ex</strong></span> <span class='ocrx_word' id='word_1_256' title='bbox 859 2486 994 2557; x_wconf 83' lang='lat' dir='ltr'><strong>Virgilio,</strong></span> <span class='ocrx_word' id='word_1_257' title='bbox 1020 2484 1123 2555; x_wconf 73' lang='lat' dir='ltr'><strong>trspla&#39;os&#39;</strong></span> <span class='ocrx_word' id='word_1_258' title='bbox 1135 2490 1300 2555; x_wconf 67' lang='lat' dir='ltr'><strong>consurgant</strong></span> 
     </span>
     <span class='ocr_line' id='line_1_28' title="bbox 55 2506 1300 2629; baseline 0.002 -19"><span class='ocrx_word' id='word_1_259' title='bbox 55 2558 172 2610; x_wconf 85' lang='lat' dir='ltr'><strong>monstris</strong></span> <span class='ocrx_word' id='word_1_260' title='bbox 199 2560 299 2626; x_wconf 89' lang='lat' dir='ltr'><strong>repetit.</strong></span> <span class='ocrx_word' id='word_1_261' title='bbox 314 2506 420 2611; x_wconf 74' lang='lat' dir='ltr'><strong>leimae</strong></span> <span class='ocrx_word' id='word_1_262' title='bbox 438 2559 539 2613; x_wconf 76' lang='lat' dir='ltr'><strong>Pristis</strong></span> <span class='ocrx_word' id='word_1_263' title='bbox 560 2564 662 2629; x_wconf 88' lang='lat' dir='ltr'><strong>sppiota</strong></span> <span class='ocrx_word' id='word_1_264' title='bbox 697 2562 791 2616; x_wconf 74' lang='lat' dir='ltr'><strong>ordire</strong></span> <span class='ocrx_word' id='word_1_265' title='bbox 801 2560 882 2620; x_wconf 70' lang='lat' dir='ltr'><strong>eems&#39;,⁸</strong></span> <span class='ocrx_word' id='word_1_266' title='bbox 892 2565 989 2611; x_wconf 88' lang='lat' dir='ltr'><strong>constat</strong></span> <span class='ocrx_word' id='word_1_267' title='bbox 1000 2557 1027 2610; x_wconf 89' lang='lat' dir='ltr'><strong>in</strong></span> <span class='ocrx_word' id='word_1_268' title='bbox 1038 2564 1142 2624; x_wconf 85' lang='lat' dir='ltr'><strong>utroque</strong></span> <span class='ocrx_word' id='word_1_269' title='bbox 1153 2560 1226 2613; x_wconf 79' lang='lat' dir='ltr'><strong>mvn</strong></span> <span class='ocrx_word' id='word_1_270' title='bbox 1236 2560 1300 2613; x_wconf 70' lang='lat' dir='ltr'><strong>lete</strong></span> 
     </span>
     <span class='ocr_line' id='line_1_29' title="bbox 57 2627 1352 2700; baseline -0.002 -20"><span class='ocrx_word' id='word_1_271' title='bbox 57 2636 136 2694; x_wconf 85' lang='lat' dir='ltr'><strong>erat,</strong></span> <span class='ocrx_word' id='word_1_272' title='bbox 154 2633 255 2681; x_wconf 89' lang='lat' dir='ltr'><strong>marina</strong></span> <span class='ocrx_word' id='word_1_273' title='bbox 271 2629 375 2695; x_wconf 87' lang='lat' dir='ltr'><strong>bellna,</strong></span> <span class='ocrx_word' id='word_1_274' title='bbox 403 2630 599 2684; x_wconf 85' lang='lat' dir='ltr'><strong>ebalaenarum</strong></span> <span class='ocrx_word' id='word_1_275' title='bbox 617 2648 662 2700; x_wconf 83' lang='lat' dir='ltr'><strong>ge·</strong></span> <span class='ocrx_word' id='word_1_276' title='bbox 698 2652 726 2686; x_wconf 83' lang='lat' dir='ltr'><strong>re</strong></span> <span class='ocrx_word' id='word_1_277' title='bbox 743 2632 872 2697; x_wconf 79' lang='lat' dir='ltr'><strong>remigum</strong></span> <span class='ocrx_word' id='word_1_278' title='bbox 894 2630 996 2684; x_wconf 86' lang='lat' dir='ltr'><strong>ordines</strong></span> <span class='ocrx_word' id='word_1_279' title='bbox 1006 2628 1143 2681; x_wconf 84' lang='lat' dir='ltr'><strong>surrexisse</strong></span> <span class='ocrx_word' id='word_1_280' title='bbox 1168 2631 1231 2685; x_wconf 87' lang='lat' dir='ltr'><strong>alins</strong></span> <span class='ocrx_word' id='word_1_281' title='bbox 1242 2627 1301 2684; x_wconf 79' lang='lat' dir='ltr'><strong>aliia</strong></span> <span class='ocrx_word' id='word_1_282' title='bbox 1349 2688 1352 2695; x_wconf 93' lang='lat'>.</span> 
     </span>
     <span class='ocr_line' id='line_1_30' title="bbox 58 2699 1302 2787; baseline 0.005 -35"><span class='ocrx_word' id='word_1_283' title='bbox 58 2717 141 2764; x_wconf 87' lang='lat' dir='ltr'><strong>nere,</strong></span> <span class='ocrx_word' id='word_1_284' title='bbox 160 2700 193 2751; x_wconf 88' lang='lat' dir='ltr'><strong>do</strong></span> <span class='ocrx_word' id='word_1_285' title='bbox 215 2717 287 2769; x_wconf 89' lang='lat' dir='ltr'><strong>qna,</strong></span> <span class='ocrx_word' id='word_1_286' title='bbox 308 2700 370 2755; x_wconf 79' lang='lat' dir='ltr'><strong>AEu.</strong></span> <span class='ocrx_word' id='word_1_287' title='bbox 401 2701 426 2755; x_wconf 82' lang='grc'><strong>3.</strong></span> <span class='ocrx_word' id='word_1_288' title='bbox 446 2706 510 2772; x_wconf 70' lang='lat' dir='ltr'><strong>dap.</strong></span> <span class='ocrx_word' id='word_1_289' title='bbox 528 2705 664 2757; x_wconf 55' lang='lat' dir='ltr'><strong>Mundae</strong></span> <span class='ocrx_word' id='word_1_290' title='bbox 697 2703 884 2773; x_wconf 85' lang='lat' dir='ltr'><strong>superpositos:</strong></span> <span class='ocrx_word' id='word_1_291' title='bbox 910 2718 961 2754; x_wconf 86' lang='lat' dir='ltr'><strong>non</strong></span> <span class='ocrx_word' id='word_1_292' title='bbox 988 2702 1172 2765; x_wconf 87' lang='lat' dir='ltr'><strong>itatamen,ut</strong></span> <span class='ocrx_word' id='word_1_293' title='bbox 1187 2699 1302 2787; x_wconf 63' lang='lat' dir='ltr'><strong>ruperim</strong></span> 
     </span>
     <span class='ocr_line' id='line_1_31' title="bbox 59 2769 1301 2846; baseline 0.002 -23"><span class='ocrx_word' id='word_1_294' title='bbox 59 2771 216 2834; x_wconf 79' lang='lat' dir='ltr'><strong>Chainoern,</strong></span> <span class='ocrx_word' id='word_1_295' title='bbox 237 2773 393 2839; x_wconf 76' lang='lat' dir='ltr'><strong>ignivomum</strong></span> <span class='ocrx_word' id='word_1_296' title='bbox 417 2790 449 2825; x_wconf 88' lang='lat' dir='ltr'><strong>ae</strong></span> <span class='ocrx_word' id='word_1_297' title='bbox 465 2773 579 2828; x_wconf 78' lang='lat' dir='ltr'><strong>triforme</strong></span> <span class='ocrx_word' id='word_1_298' title='bbox 595 2792 665 2827; x_wconf 90' lang='lat' dir='ltr'><strong>mon·</strong></span> <span class='ocrx_word' id='word_1_299' title='bbox 700 2794 757 2829; x_wconf 85' lang='lat' dir='ltr'><strong>rum</strong></span> <span class='ocrx_word' id='word_1_300' title='bbox 775 2776 901 2846; x_wconf 78' lang='lat' dir='ltr'><strong>remigum</strong></span> <span class='ocrx_word' id='word_1_301' title='bbox 919 2772 995 2842; x_wconf 86' lang='lat' dir='ltr'><strong>pedes</strong></span> <span class='ocrx_word' id='word_1_302' title='bbox 1011 2769 1158 2824; x_wconf 75' lang='lat' dir='ltr'><strong>interiorum</strong></span> <span class='ocrx_word' id='word_1_303' title='bbox 1175 2772 1301 2845; x_wconf 76' lang='lat' dir='ltr'><strong>capitibus</strong></span> 
     </span>
     <span class='ocr_line' id='line_1_32' title="bbox 58 2840 1300 2919; baseline 0.006 -27"><span class='ocrx_word' id='word_1_304' title='bbox 58 2850 157 2894; x_wconf 80' lang='lat' dir='ltr'><strong>strum:</strong></span> <span class='ocrx_word' id='word_1_305' title='bbox 176 2840 243 2912; x_wconf 89' lang='lat' dir='ltr'><strong>quod</strong></span> <span class='ocrx_word' id='word_1_306' title='bbox 269 2861 301 2895; x_wconf 85' lang='lat' dir='ltr'><strong>ex</strong></span> <span class='ocrx_word' id='word_1_307' title='bbox 329 2842 405 2897; x_wconf 79' lang='lat' dir='ltr'><strong>Orio.</strong></span> <span class='ocrx_word' id='word_1_308' title='bbox 424 2845 531 2898; x_wconf 77' lang='lat' dir='ltr'><strong>Metam.</strong></span> <span class='ocrx_word' id='word_1_309' title='bbox 550 2864 577 2916; x_wconf 81' lang='lat'><strong>9.</strong></span> <span class='ocrx_word' id='word_1_310' title='bbox 598 2848 662 2917; x_wconf 70' lang='grc'>649.</span> <span class='ocrx_word' id='word_1_311' title='bbox 700 2847 895 2919; x_wconf 87' lang='lat' dir='ltr'><strong>impenderent,</strong></span> <span class='ocrx_word' id='word_1_312' title='bbox 915 2844 1142 2915; x_wconf 84' lang='lat' dir='ltr'><strong>perpendiculari,</strong></span> <span class='ocrx_word' id='word_1_313' title='bbox 1161 2853 1189 2899; x_wconf 92' lang='lat' dir='ltr'><strong>ut</strong></span> <span class='ocrx_word' id='word_1_314' title='bbox 1205 2845 1300 2917; x_wconf 76' lang='lat' dir='ltr'><strong>ajunt,</strong></span> 
     </span>
     <span class='ocr_line' id='line_1_33' title="bbox 57 2911 1300 2990; baseline 0.003 -24"><span class='ocrx_word' id='word_1_315' title='bbox 57 2911 153 2967; x_wconf 78' lang='lat' dir='ltr'><strong>riredr&#39;r&#39;s</strong></span> <span class='ocrx_word' id='word_1_316' title='bbox 170 2913 197 2965; x_wconf 82' lang='lat' dir='ltr'><strong>s&#39;n</strong></span> <span class='ocrx_word' id='word_1_317' title='bbox 211 2915 333 2983; x_wconf 58' lang='lat' dir='ltr'><strong>porteion</strong></span> <span class='ocrx_word' id='word_1_318' title='bbox 345 2916 456 2978; x_wconf 63' lang='lat' dir='ltr'><strong>ideam,</strong></span> <span class='ocrx_word' id='word_1_319' title='bbox 468 2917 568 2972; x_wconf 72' lang='lat' dir='ltr'><strong>Pectus</strong></span> <span class='ocrx_word' id='word_1_320' title='bbox 579 2929 605 2973; x_wconf 89' lang='lat' dir='ltr'><strong>et</strong></span> <span class='ocrx_word' id='word_1_321' title='bbox 615 2937 664 2972; x_wconf 82' lang='lat' dir='ltr'><strong>oro</strong></span> <span class='ocrx_word' id='word_1_322' title='bbox 698 2928 818 2990; x_wconf 84' lang='lat' dir='ltr'><strong>rectaque</strong></span> <span class='ocrx_word' id='word_1_323' title='bbox 836 2918 926 2984; x_wconf 75' lang='lat' dir='ltr'><strong>linee3</strong></span> <span class='ocrx_word' id='word_1_324' title='bbox 954 2920 990 2968; x_wconf 90' lang='lat' dir='ltr'><strong>sic</strong></span> <span class='ocrx_word' id='word_1_325' title='bbox 1007 2916 1077 2968; x_wconf 88' lang='lat' dir='ltr'><strong>enirn</strong></span> <span class='ocrx_word' id='word_1_326' title='bbox 1096 2915 1179 2972; x_wconf 89' lang='lat' dir='ltr'><strong>latera</strong></span> <span class='ocrx_word' id='word_1_327' title='bbox 1194 2919 1300 2972; x_wconf 85' lang='lat' dir='ltr'><strong>narium</strong></span> 
     </span>
     <span class='ocr_line' id='line_1_34' title="bbox 55 2986 1302 3055; baseline 0.007 -17"><span class='ocrx_word' id='word_1_328' title='bbox 55 2987 136 3050; x_wconf 81' lang='lat' dir='ltr'><strong>lens,</strong></span> <span class='ocrx_word' id='word_1_329' title='bbox 156 2986 270 3037; x_wconf 77' lang='lat' dir='ltr'><strong>cunilam</strong></span> <span class='ocrx_word' id='word_1_330' title='bbox 288 2990 419 3055; x_wconf 76' lang='lat' dir='ltr'><strong>serpentis</strong></span> <span class='ocrx_word' id='word_1_331' title='bbox 436 2989 555 3041; x_wconf 81' lang='lat' dir='ltr'><strong>hsbebm.</strong></span> <span class='ocrx_word' id='word_1_332' title='bbox 576 2989 614 3040; x_wconf 88' lang='lat' dir='ltr'><strong>De</strong></span> <span class='ocrx_word' id='word_1_333' title='bbox 632 3009 663 3041; x_wconf 86' lang='lat' dir='ltr'><strong>ea</strong></span> <span class='ocrx_word' id='word_1_334' title='bbox 699 2990 852 3046; x_wconf 88' lang='lat' dir='ltr'><strong>exstruenda</strong></span> <span class='ocrx_word' id='word_1_335' title='bbox 870 2990 945 3041; x_wconf 86' lang='lat' dir='ltr'><strong>nitius</strong></span> <span class='ocrx_word' id='word_1_336' title='bbox 960 2987 1072 3042; x_wconf 78' lang='lat' dir='ltr'><strong>inissentz</strong></span> <span class='ocrx_word' id='word_1_337' title='bbox 1091 2990 1135 3043; x_wconf 83' lang='lat' dir='ltr'><strong>sed</strong></span> <span class='ocrx_word' id='word_1_338' title='bbox 1153 2990 1187 3045; x_wconf 90' lang='lat' dir='ltr'><strong>ita</strong></span> <span class='ocrx_word' id='word_1_339' title='bbox 1205 2999 1232 3044; x_wconf 87' lang='lat' dir='ltr'><strong>ut</strong></span> <span class='ocrx_word' id='word_1_340' title='bbox 1248 3009 1302 3047; x_wconf 87' lang='lat' dir='ltr'><strong>soa·</strong></span> 
     </span>
     <span class='ocr_line' id='line_1_35' title="bbox 60 3055 1304 3137; baseline 0.005 -31"><span class='ocrx_word' id='word_1_341' title='bbox 60 3056 119 3137; x_wconf 55' lang='lat' dir='ltr'><strong>din.</strong></span> <span class='ocrx_word' id='word_1_342' title='bbox 147 3058 174 3109; x_wconf 83' lang='lat' dir='ltr'><strong>b.</strong></span> <span class='ocrx_word' id='word_1_343' title='bbox 196 3055 258 3109; x_wconf 72' lang='lat'><strong>288.</strong></span> <span class='ocrx_word' id='word_1_344' title='bbox 279 3057 396 3111; x_wconf 86' lang='lat' dir='ltr'><strong>Tertiam</strong></span> <span class='ocrx_word' id='word_1_345' title='bbox 415 3060 521 3111; x_wconf 83' lang='lat' dir='ltr'><strong>ornabat</strong></span> <span class='ocrx_word' id='word_1_346' title='bbox 542 3061 670 3117; x_wconf 72' lang='lat' dir='ltr'><strong>Centauri</strong></span> <span class='ocrx_word' id='word_1_347' title='bbox 700 3063 775 3128; x_wconf 90' lang='lat' dir='ltr'><strong>mnis,</strong></span> <span class='ocrx_word' id='word_1_348' title='bbox 794 3080 859 3133; x_wconf 90' lang='lat' dir='ltr'><strong>quae</strong></span> <span class='ocrx_word' id='word_1_349' title='bbox 875 3067 901 3114; x_wconf 85' lang='lat' dir='ltr'><strong>et</strong></span> <span class='ocrx_word' id='word_1_350' title='bbox 910 3065 982 3133; x_wconf 77' lang='lat' dir='ltr'><strong>jope</strong></span> <span class='ocrx_word' id='word_1_351' title='bbox 999 3068 1025 3114; x_wconf 89' lang='lat' dir='ltr'><strong>et</strong></span> <span class='ocrx_word' id='word_1_352' title='bbox 1041 3071 1164 3118; x_wconf 70' lang='lat' dir='ltr'><strong>monstro</strong></span> <span class='ocrx_word' id='word_1_353' title='bbox 1181 3062 1304 3119; x_wconf 80' lang='lat' dir='ltr'><strong>dicuntur.</strong></span> 
     </span>
     <span class='ocr_line' id='line_1_36' title="bbox 48 3130 1299 3206; baseline 0.009 -28"><span class='ocrx_word' id='word_1_354' title='bbox 48 3135 160 3196; x_wconf 74' lang='lat' dir='ltr'><strong>*pictura</strong></span> <span class='ocrx_word' id='word_1_355' title='bbox 178 3146 211 3180; x_wconf 91' lang='lat' dir='ltr'><strong>ex</strong></span> <span class='ocrx_word' id='word_1_356' title='bbox 228 3130 322 3198; x_wconf 69' lang='lat' dir='ltr'><strong>«puina</strong></span> <span class='ocrx_word' id='word_1_357' title='bbox 337 3139 362 3183; x_wconf 88' lang='lat' dir='ltr'><strong>et</strong></span> <span class='ocrx_word' id='word_1_358' title='bbox 381 3131 493 3185; x_wconf 88' lang='lat' dir='ltr'><strong>humana</strong></span> <span class='ocrx_word' id='word_1_359' title='bbox 510 3137 666 3201; x_wconf 85' lang='lat' dir='ltr'><strong>speciecon·</strong></span> <span class='ocrx_word' id='word_1_360' title='bbox 700 3134 800 3206; x_wconf 87' lang='lat' dir='ltr'><strong>oblique</strong></span> <span class='ocrx_word' id='word_1_361' title='bbox 811 3149 934 3186; x_wconf 88' lang='lat' dir='ltr'><strong>asummo</strong></span> <span class='ocrx_word' id='word_1_362' title='bbox 950 3132 982 3186; x_wconf 85' lang='lat' dir='ltr'><strong>ad</strong></span> <span class='ocrx_word' id='word_1_363' title='bbox 992 3132 1070 3185; x_wconf 88' lang='lat' dir='ltr'><strong>imum</strong></span> <span class='ocrx_word' id='word_1_364' title='bbox 1082 3133 1162 3187; x_wconf 88' lang='lat' dir='ltr'><strong>instar</strong></span> <span class='ocrx_word' id='word_1_365' title='bbox 1171 3135 1299 3206; x_wconf 81' lang='lat' dir='ltr'><strong>graduum</strong></span> 
     </span>
     <span class='ocr_line' id='line_1_37' title="bbox 41 3198 1374 3281; baseline 0.008 -31"><span class='ocrx_word' id='word_1_366' title='bbox 41 3198 135 3265; x_wconf 86' lang='lat' dir='ltr'><strong>¹lluta,</strong></span> <span class='ocrx_word' id='word_1_367' title='bbox 155 3201 254 3270; x_wconf 84' lang='lat' dir='ltr'><strong>dequo</strong></span> <span class='ocrx_word' id='word_1_368' title='bbox 281 3218 400 3270; x_wconf 86' lang='lat' dir='ltr'><strong>genere,</strong></span> <span class='ocrx_word' id='word_1_369' title='bbox 419 3204 516 3272; x_wconf 77' lang='lat' dir='ltr'><strong>Georg.</strong></span> <span class='ocrx_word' id='word_1_370' title='bbox 543 3222 569 3260; x_wconf 74' lang='lat' dir='ltr'><strong>a,</strong></span> <span class='ocrx_word' id='word_1_371' title='bbox 598 3205 663 3267; x_wconf 75' lang='grc'><strong>456.</strong></span> <span class='ocrx_word' id='word_1_372' title='bbox 698 3207 824 3277; x_wconf 67' lang='lat' dir='ltr'><strong>dispositis</strong></span> <span class='ocrx_word' id='word_1_373' title='bbox 839 3208 984 3259; x_wconf 87' lang='lat' dir='ltr'><strong>insisterent</strong></span> <span class='ocrx_word' id='word_1_374' title='bbox 996 3206 1122 3275; x_wconf 75' lang='lat' dir='ltr'><strong>remiges,</strong></span> <span class='ocrx_word' id='word_1_375' title='bbox 1141 3224 1301 3281; x_wconf 83' lang='lat' dir='ltr'><strong>quorumsn·</strong></span> <span class='ocrx_word' id='word_1_376' title='bbox 1371 3206 1374 3211; x_wconf 74' lang='lat'>&#39;</span> 
     </span>
     <span class='ocr_line' id='line_1_38' title="bbox 57 3272 1302 3398; baseline 0.006 -76"><span class='ocrx_word' id='word_1_377' title='bbox 57 3272 181 3335; x_wconf 77' lang='lat' dir='ltr'><strong>Quartam</strong></span> <span class='ocrx_word' id='word_1_378' title='bbox 201 3274 323 3398; x_wconf 47' lang='lat' dir='ltr'><strong>Sogdia,</strong></span> <span class='ocrx_word' id='word_1_379' title='bbox 338 3277 432 3329; x_wconf 90' lang='lat' dir='ltr'><strong>marini</strong></span> <span class='ocrx_word' id='word_1_380' title='bbox 450 3278 477 3327; x_wconf 92' lang='lat' dir='ltr'><strong>in</strong></span> <span class='ocrx_word' id='word_1_381' title='bbox 496 3275 560 3329; x_wconf 80' lang='lat' dir='ltr'><strong>bero</strong></span> <span class='ocrx_word' id='word_1_382' title='bbox 577 3277 665 3331; x_wconf 88' lang='lat' dir='ltr'><strong>Siculo</strong></span> <span class='ocrx_word' id='word_1_383' title='bbox 699 3280 785 3350; x_wconf 90' lang='lat' dir='ltr'><strong>perior·</strong></span> <span class='ocrx_word' id='word_1_384' title='bbox 802 3278 866 3333; x_wconf 85' lang='lat' dir='ltr'><strong>orde</strong></span> <span class='ocrx_word' id='word_1_385' title='bbox 883 3277 918 3330; x_wconf 93' lang='lat' dir='ltr'><strong>ihi</strong></span> <span class='ocrx_word' id='word_1_386' title='bbox 935 3274 1052 3350; x_wconf 79' lang='lat' dir='ltr'><strong>figebant</strong></span> <span class='ocrx_word' id='word_1_387' title='bbox 1068 3278 1165 3349; x_wconf 87' lang='lat' dir='ltr'><strong>pedes,</strong></span> <span class='ocrx_word' id='word_1_388' title='bbox 1184 3278 1227 3333; x_wconf 88' lang='lat' dir='ltr'><strong>ubi</strong></span> <span class='ocrx_word' id='word_1_389' title='bbox 1239 3278 1302 3331; x_wconf 88' lang='lat' dir='ltr'><strong>ordo</strong></span> 
     </span>
     <span class='ocr_line' id='line_1_39' title="bbox 58 3344 1303 3419; baseline 0.006 -24"><span class='ocrx_word' id='word_1_390' title='bbox 58 3346 185 3411; x_wconf 87' lang='lat' dir='ltr'><strong>monstri,</strong></span> <span class='ocrx_word' id='word_1_391' title='bbox 212 3362 228 3396; x_wconf 89' lang='lat' dir='ltr'><strong>e</strong></span> <span class='ocrx_word' id='word_1_392' title='bbox 255 3348 335 3415; x_wconf 68' lang='lat' dir='ltr'><strong>giu,</strong></span> <span class='ocrx_word' id='word_1_393' title='bbox 367 3366 444 3419; x_wconf 87' lang='lat' dir='ltr'><strong>quam</strong></span> <span class='ocrx_word' id='word_1_394' title='bbox 472 3350 662 3418; x_wconf 86' lang='lat' dir='ltr'><strong>explicuimus,</strong></span> <span class='ocrx_word' id='word_1_395' title='bbox 700 3350 808 3406; x_wconf 76' lang='lat' dir='ltr'><strong>inferior</strong></span> <span class='ocrx_word' id='word_1_396' title='bbox 835 3344 968 3404; x_wconf 80' lang='lat' dir='ltr'><strong>inridebit.</strong></span> <span class='ocrx_word' id='word_1_397' title='bbox 988 3348 1069 3407; x_wconf 83' lang='lat' dir='ltr'><strong>Porro</strong></span> <span class='ocrx_word' id='word_1_398' title='bbox 1090 3351 1247 3417; x_wconf 72' lang='lat' dir='ltr'><strong>serenillae</strong></span> <span class='ocrx_word' id='word_1_399' title='bbox 1262 3366 1303 3402; x_wconf 86' lang='lat' dir='ltr'><strong>re·</strong></span> 
     </span>
     <span class='ocr_line' id='line_1_40' title="bbox 56 3414 1301 3495; baseline -0.008 -14"><span class='ocrx_word' id='word_1_400' title='bbox 56 3414 118 3468; x_wconf 65' lang='grc' dir='ltr'><strong>ΕΠ·</strong></span> <span class='ocrx_word' id='word_1_401' title='bbox 140 3415 166 3469; x_wconf 78' lang='lat'><strong>3·</strong></span> <span class='ocrx_word' id='word_1_402' title='bbox 188 3419 253 3490; x_wconf 63' lang='lat'><strong>4¹7·</strong></span> <span class='ocrx_word' id='word_1_403' title='bbox 700 3425 821 3495; x_wconf 77' lang='lat' dir='ltr'><strong>seigam,</strong></span> <span class='ocrx_word' id='word_1_404' title='bbox 841 3441 858 3475; x_wconf 86' lang='lat' dir='ltr'><strong>a</strong></span> <span class='ocrx_word' id='word_1_405' title='bbox 874 3438 973 3476; x_wconf 84' lang='lat' dir='ltr'><strong>summo</strong></span> <span class='ocrx_word' id='word_1_406' title='bbox 992 3422 1071 3478; x_wconf 83' lang='lat' dir='ltr'><strong>latere</strong></span> <span class='ocrx_word' id='word_1_407' title='bbox 1088 3424 1121 3476; x_wconf 91' lang='lat' dir='ltr'><strong>ad</strong></span> <span class='ocrx_word' id='word_1_408' title='bbox 1139 3426 1218 3476; x_wconf 85' lang='lat' dir='ltr'><strong>imam</strong></span> <span class='ocrx_word' id='word_1_409' title='bbox 1235 3420 1301 3474; x_wconf 86' lang='lat' dir='ltr'><strong>cari-</strong></span> 
     </span>
    </p>

    <p class='ocr_par' dir='ltr' id='par_1_9' title="bbox 55 3486 1304 3855">
     <span class='ocr_line' id='line_1_41' title="bbox 94 3486 1304 3567; baseline 0.006 -28"><span class='ocrx_word' id='word_1_410' title='bbox 94 3486 135 3556; x_wconf 87' lang='lat' dir='ltr'><strong>(n)</strong></span> <span class='ocrx_word' id='word_1_411' title='bbox 162 3487 218 3541; x_wconf 81' lang='lat' dir='ltr'><strong>Mos</strong></span> <span class='ocrx_word' id='word_1_412' title='bbox 244 3489 321 3542; x_wconf 78' lang='lat' dir='ltr'><strong>itaim</strong></span> <span class='ocrx_word' id='word_1_413' title='bbox 348 3491 495 3545; x_wconf 84' lang='lat' dir='ltr'><strong>Mnestheus</strong></span> <span class='ocrx_word' id='word_1_414' title='bbox 518 3501 567 3547; x_wconf 86' lang='lat' dir='ltr'><strong>etc.</strong></span> <span class='ocrx_word' id='word_1_415' title='bbox 582 3495 601 3564; x_wconf 85' lang='grc'><strong>).</strong></span> <span class='ocrx_word' id='word_1_416' title='bbox 626 3495 661 3549; x_wconf 92' lang='lat' dir='ltr'><strong>Ut</strong></span> <span class='ocrx_word' id='word_1_417' title='bbox 698 3512 759 3549; x_wconf 86' lang='lat' dir='ltr'><strong>nam</strong></span> <span class='ocrx_word' id='word_1_418' title='bbox 780 3493 883 3567; x_wconf 87' lang='lat' dir='ltr'><strong>oblique</strong></span> <span class='ocrx_word' id='word_1_419' title='bbox 904 3502 1075 3559; x_wconf 88' lang='lat' dir='ltr'><strong>numeratae,</strong></span> <span class='ocrx_word' id='word_1_420' title='bbox 1102 3496 1213 3549; x_wconf 81' lang='lat' dir='ltr'><strong>ordines</strong></span> <span class='ocrx_word' id='word_1_421' title='bbox 1231 3491 1304 3545; x_wconf 84' lang='lat' dir='ltr'><strong>dioe-</strong></span> 
     </span>
     <span class='ocr_line' id='line_1_42' title="bbox 56 3557 1303 3638; baseline 0.004 -28"><span class='ocrx_word' id='word_1_422' title='bbox 56 3557 475 3617; x_wconf 71' lang='lat' dir='ltr'><strong>nohilibusliomanorumfamiliis</strong></span> <span class='ocrx_word' id='word_1_423' title='bbox 483 3566 659 3635; x_wconf 83' lang='lat' dir='ltr'><strong>gratificetur,</strong></span> <span class='ocrx_word' id='word_1_424' title='bbox 696 3570 807 3632; x_wconf 85' lang='lat' dir='ltr'><strong>hantur;</strong></span> <span class='ocrx_word' id='word_1_425' title='bbox 826 3576 852 3620; x_wconf 89' lang='lat' dir='ltr'><strong>et</strong></span> <span class='ocrx_word' id='word_1_426' title='bbox 868 3584 915 3638; x_wconf 90' lang='lat' dir='ltr'><strong>pro</strong></span> <span class='ocrx_word' id='word_1_427' title='bbox 938 3568 1074 3638; x_wconf 89' lang='lat' dir='ltr'><strong>multiplici</strong></span> <span class='ocrx_word' id='word_1_428' title='bbox 1091 3566 1201 3630; x_wconf 76' lang='lat' dir='ltr'><strong>ordene,</strong></span> <span class='ocrx_word' id='word_1_429' title='bbox 1229 3562 1303 3615; x_wconf 85' lang='lat' dir='ltr'><strong>naris</strong></span> 
     </span>
     <span class='ocr_line' id='line_1_43' title="bbox 56 3631 1302 3712; baseline 0.014 -31"><span class='ocrx_word' id='word_1_430' title='bbox 56 3647 101 3712; x_wconf 75' lang='lat' dir='ltr'><strong>cas</strong></span> <span class='ocrx_word' id='word_1_431' title='bbox 119 3647 136 3681; x_wconf 89' lang='lat' dir='ltr'><strong>a</strong></span> <span class='ocrx_word' id='word_1_432' title='bbox 152 3631 272 3701; x_wconf 76' lang='lat' dir='ltr'><strong>Troianis</strong></span> <span class='ocrx_word' id='word_1_433' title='bbox 282 3635 394 3703; x_wconf 84' lang='lat' dir='ltr'><strong>deducit3</strong></span> <span class='ocrx_word' id='word_1_434' title='bbox 408 3637 567 3691; x_wconf 79' lang='lat' dir='ltr'><strong>ahlnestbeo</strong></span> <span class='ocrx_word' id='word_1_435' title='bbox 582 3638 661 3693; x_wconf 58' lang='lat' dir='ltr'><strong>,liene</strong></span> <span class='ocrx_word' id='word_1_436' title='bbox 696 3650 752 3693; x_wconf 88' lang='lat' dir='ltr'><strong>erat</strong></span> <span class='ocrx_word' id='word_1_437' title='bbox 766 3639 891 3706; x_wconf 58' lang='lat' dir='ltr'><strong>boemo,</strong></span> <span class='ocrx_word' id='word_1_438' title='bbox 911 3641 1026 3695; x_wconf 69' lang='lat' dir='ltr'><strong>tremo</strong></span> <span class='ocrx_word' id='word_1_439' title='bbox 1038 3679 1048 3706; x_wconf 90' lang='lat'><strong>,</strong></span> <span class='ocrx_word' id='word_1_440' title='bbox 1066 3634 1264 3711; x_wconf 40' lang='lat' dir='ltr'><strong>quadrimis,</strong></span> <span class='ocrx_word' id='word_1_441' title='bbox 1286 3652 1302 3686; x_wconf 58' lang='grc' dir='ltr'>ἃ</span> 
     </span>
     <span class='ocr_line' id='line_1_44' title="bbox 55 3705 1303 3782; baseline -0.007 -13"><span class='ocrx_word' id='word_1_442' title='bbox 55 3719 125 3755; x_wconf 72' lang='lat'>”¹¹⁰⁸</span> <span class='ocrx_word' id='word_1_443' title='bbox 135 3718 180 3768; x_wconf 52' lang='grc' dir='ltr'><strong>[ἃ</strong></span> <span class='ocrx_word' id='word_1_444' title='bbox 196 3706 338 3774; x_wconf 64' lang='lat' dir='ltr'><strong>Sergesto,</strong></span> <span class='ocrx_word' id='word_1_445' title='bbox 359 3709 483 3781; x_wconf 75' lang='lat' dir='ltr'><strong>Serpioa,</strong></span> <span class='ocrx_word' id='word_1_446' title='bbox 502 3727 518 3761; x_wconf 92' lang='lat' dir='ltr'><strong>a</strong></span> <span class='ocrx_word' id='word_1_447' title='bbox 538 3710 662 3763; x_wconf 87' lang='lat' dir='ltr'><strong>Cloantho</strong></span> <span class='ocrx_word' id='word_1_448' title='bbox 697 3705 1303 3782; x_wconf 73' lang='lat' dir='ltr'><strong>Ptolomaeol’bilopatoroexatruetsetiamque·</strong></span> 
     </span>
     <span class='ocr_line' id='line_1_45' title="bbox 58 3772 1304 3855; baseline 0.005 -30"><span class='ocrx_word' id='word_1_449' title='bbox 58 3772 203 3828; x_wconf 80' lang='lat' dir='ltr'><strong>Cluentaoa.</strong></span> <span class='ocrx_word' id='word_1_450' title='bbox 225 3777 327 3830; x_wconf 74' lang='lat' dir='ltr'><strong>Addunt</strong></span> <span class='ocrx_word' id='word_1_451' title='bbox 350 3779 396 3830; x_wconf 90' lang='lat' dir='ltr'><strong>alii</strong></span> <span class='ocrx_word' id='word_1_452' title='bbox 423 3783 526 3837; x_wconf 88' lang='lat' dir='ltr'><strong>etiam,</strong></span> <span class='ocrx_word' id='word_1_453' title='bbox 549 3798 566 3832; x_wconf 87' lang='lat' dir='ltr'><strong>a</strong></span> <span class='ocrx_word' id='word_1_454' title='bbox 584 3780 661 3855; x_wconf 74' lang='lat' dir='ltr'><strong>Gya,</strong></span> <span class='ocrx_word' id='word_1_455' title='bbox 698 3786 823 3855; x_wconf 79' lang='lat' dir='ltr'><strong>draps&#39;ntn</strong></span> <span class='ocrx_word' id='word_1_456' title='bbox 845 3783 985 3847; x_wconf 79' lang='lat' dir='ltr'><strong>ordinum3</strong></span> <span class='ocrx_word' id='word_1_457' title='bbox 1004 3788 1030 3834; x_wconf 89' lang='lat' dir='ltr'><strong>at</strong></span> <span class='ocrx_word' id='word_1_458' title='bbox 1047 3779 1151 3834; x_wconf 84' lang='lat' dir='ltr'><strong>caedem</strong></span> <span class='ocrx_word' id='word_1_459' title='bbox 1168 3779 1268 3844; x_wconf 86' lang='lat' dir='ltr'><strong>series,</strong></span> <span class='ocrx_word' id='word_1_460' title='bbox 1285 3794 1304 3833; x_wconf 82' lang='lat' dir='ltr'><strong>a</strong></span> 
     </span>
    </p>
   </div>
   <div class='ocr_carea' id='block_1_8' title="bbox 61 3842 1414 3925">
    <p class='ocr_par' dir='ltr' id='par_1_10' title="bbox 61 3842 1414 3925">
     <span class='ocr_line' id='line_1_46' title="bbox 61 3842 1414 3925; baseline 0.004 -26"><span class='ocrx_word' id='word_1_461' title='bbox 61 3842 216 3925; x_wconf 62' lang='lat' dir='ltr'><strong>(ispanio-s:</strong></span> <span class='ocrx_word' id='word_1_462' title='bbox 242 3851 308 3921; x_wconf 88' lang='lat' dir='ltr'><strong>quod</strong></span> <span class='ocrx_word' id='word_1_463' title='bbox 325 3858 408 3904; x_wconf 87' lang='lat' dir='ltr'><strong>tamen</strong></span> <span class='ocrx_word' id='word_1_464' title='bbox 429 3852 535 3921; x_wconf 84' lang='lat' dir='ltr'><strong>Virgilii</strong></span> <span class='ocrx_word' id='word_1_465' title='bbox 556 3858 664 3907; x_wconf 90' lang='lat' dir='ltr'><strong>testimo·</strong></span> <span class='ocrx_word' id='word_1_466' title='bbox 700 3843 775 3925; x_wconf 68' lang='lat' dir='ltr'><strong>prola</strong></span> <span class='ocrx_word' id='word_1_467' title='bbox 792 3854 824 3906; x_wconf 89' lang='lat' dir='ltr'><strong>ad</strong></span> <span class='ocrx_word' id='word_1_468' title='bbox 842 3856 946 3925; x_wconf 90' lang='lat' dir='ltr'><strong>puppim</strong></span> <span class='ocrx_word' id='word_1_469' title='bbox 966 3857 1135 3915; x_wconf 81' lang='lat' dir='ltr'><strong>numeratae,</strong></span> <span class='ocrx_word' id='word_1_470' title='bbox 1154 3848 1305 3905; x_wconf 80' lang='lat' dir='ltr'><strong>dicebantur</strong></span> <span class='ocrx_word' id='word_1_471' title='bbox 1411 3863 1414 3872; x_wconf 92' lang='lat'>&#39;</span> 
     </span>
    </p>
   </div>
   <div class='ocr_carea' id='block_1_9' title="bbox 53 3919 1359 4573">
    <p class='ocr_par' dir='ltr' id='par_1_11' title="bbox 57 3919 1305 4068">
     <span class='ocr_line' id='line_1_47' title="bbox 57 3919 1305 3993; baseline 0.01 -27"><span class='ocrx_word' id='word_1_472' title='bbox 57 3933 103 3967; x_wconf 84' lang='lat' dir='ltr'><strong>nto</strong></span> <span class='ocrx_word' id='word_1_473' title='bbox 118 3927 198 3972; x_wconf 90' lang='lat' dir='ltr'><strong>caret.</strong></span> <span class='ocrx_word' id='word_1_474' title='bbox 698 3942 806 3982; x_wconf 76' lang='lat' dir='ltr'><strong>versus,</strong></span> <span class='ocrx_word' id='word_1_475' title='bbox 825 3934 851 3978; x_wconf 85' lang='lat' dir='ltr'><strong>et</strong></span> <span class='ocrx_word' id='word_1_476' title='bbox 868 3929 905 3979; x_wconf 87' lang='lat' dir='ltr'><strong>sie</strong></span> <span class='ocrx_word' id='word_1_477' title='bbox 923 3926 947 3976; x_wconf 89' lang='lat' dir='ltr'><strong>in</strong></span> <span class='ocrx_word' id='word_1_478' title='bbox 967 3924 1076 3993; x_wconf 82' lang='lat' dir='ltr'><strong>singulis</strong></span> <span class='ocrx_word' id='word_1_479' title='bbox 1092 3919 1223 3990; x_wconf 86' lang='lat' dir='ltr'><strong>lateribus,</strong></span> <span class='ocrx_word' id='word_1_480' title='bbox 1244 3940 1305 3978; x_wconf 82' lang='lat' dir='ltr'><strong>oer-</strong></span> 
     </span>
     <span class='ocr_line' id='line_1_48' title="bbox 92 3986 1303 4068; baseline 0.003 -23"><span class='ocrx_word' id='word_1_481' title='bbox 92 3986 134 4057; x_wconf 77' lang='grc'><strong>(3)</strong></span> <span class='ocrx_word' id='word_1_482' title='bbox 152 3990 222 4045; x_wconf 83' lang='lat' dir='ltr'><strong>Urbis</strong></span> <span class='ocrx_word' id='word_1_483' title='bbox 238 3996 328 4063; x_wconf 82' lang='lat' dir='ltr'><strong>opus).</strong></span> <span class='ocrx_word' id='word_1_484' title='bbox 353 3994 431 4048; x_wconf 70' lang='lat' dir='ltr'><strong>tirio</strong></span> <span class='ocrx_word' id='word_1_485' title='bbox 448 4006 556 4050; x_wconf 73' lang='lat' dir='ltr'><strong>emtor:</strong></span> <span class='ocrx_word' id='word_1_486' title='bbox 575 4000 664 4068; x_wconf 83' lang='lat' dir='ltr'><strong>inqua</strong></span> <span class='ocrx_word' id='word_1_487' title='bbox 699 4018 747 4051; x_wconf 79' lang='lat' dir='ltr'><strong>sua</strong></span> <span class='ocrx_word' id='word_1_488' title='bbox 763 3997 900 4065; x_wconf 87' lang='lat' dir='ltr'><strong>aliquando</strong></span> <span class='ocrx_word' id='word_1_489' title='bbox 916 3997 1009 4067; x_wconf 78' lang='lat' dir='ltr'><strong>viginti</strong></span> <span class='ocrx_word' id='word_1_490' title='bbox 1026 3997 1148 4064; x_wconf 82' lang='lat' dir='ltr'><strong>quinque,</strong></span> <span class='ocrx_word' id='word_1_491' title='bbox 1165 3992 1303 4065; x_wconf 79' lang='lat' dir='ltr'><strong>aliquando</strong></span> 
     </span>
    </p>

    <p class='ocr_par' dir='ltr' id='par_1_12' title="bbox 58 4064 1294 4139">
     <span class='ocr_line' id='line_1_49' title="bbox 58 4064 1294 4139; baseline 0.008 -28"><span class='ocrx_word' id='word_1_492' title='bbox 58 4066 156 4114; x_wconf 78' lang='lat' dir='ltr'><strong>tantum</strong></span> <span class='ocrx_word' id='word_1_493' title='bbox 173 4067 257 4133; x_wconf 90' lang='lat' dir='ltr'><strong>operis</strong></span> <span class='ocrx_word' id='word_1_494' title='bbox 275 4064 379 4129; x_wconf 88' lang='lat' dir='ltr'><strong>luerat,</strong></span> <span class='ocrx_word' id='word_1_495' title='bbox 403 4077 525 4137; x_wconf 86' lang='lat' dir='ltr'><strong>quantum</strong></span> <span class='ocrx_word' id='word_1_496' title='bbox 551 4070 577 4121; x_wconf 90' lang='lat' dir='ltr'><strong>in</strong></span> <span class='ocrx_word' id='word_1_497' title='bbox 597 4070 660 4122; x_wconf 91' lang='lat' dir='ltr'><strong>urbe</strong></span> <span class='ocrx_word' id='word_1_498' title='bbox 696 4071 804 4138; x_wconf 88' lang='lat' dir='ltr'><strong>plures;</strong></span> <span class='ocrx_word' id='word_1_499' title='bbox 825 4075 849 4120; x_wconf 89' lang='lat' dir='ltr'><strong>et</strong></span> <span class='ocrx_word' id='word_1_500' title='bbox 869 4070 894 4120; x_wconf 88' lang='lat' dir='ltr'><strong>in</strong></span> <span class='ocrx_word' id='word_1_501' title='bbox 913 4067 1048 4120; x_wconf 85' lang='lat' dir='ltr'><strong>Ptolomaei</strong></span> <span class='ocrx_word' id='word_1_502' title='bbox 1068 4066 1145 4129; x_wconf 83' lang='lat' dir='ltr'><strong>nari,</strong></span> <span class='ocrx_word' id='word_1_503' title='bbox 1164 4082 1294 4139; x_wconf 78' lang='lat' dir='ltr'><strong>quaeque</strong></span> 
     </span>
    </p>

    <p class='ocr_par' dir='ltr' id='par_1_13' title="bbox 56 4133 1359 4283">
     <span class='ocr_line' id='line_1_50' title="bbox 56 4133 1359 4256; baseline 0.006 -73"><span class='ocrx_word' id='word_1_504' title='bbox 56 4133 175 4256; x_wconf 64' lang='lat' dir='ltr'><strong>ppsitum.</strong></span> <span class='ocrx_word' id='word_1_505' title='bbox 195 4138 238 4190; x_wconf 79' lang='lat' dir='ltr'><strong>stc</strong></span> <span class='ocrx_word' id='word_1_506' title='bbox 257 4139 323 4207; x_wconf 92' lang='lat' dir='ltr'><strong>npud</strong></span> <span class='ocrx_word' id='word_1_507' title='bbox 341 4138 427 4192; x_wconf 81' lang='lat' dir='ltr'><strong>Cicer.</strong></span> <span class='ocrx_word' id='word_1_508' title='bbox 446 4142 503 4192; x_wconf 81' lang='lat' dir='ltr'><strong>Act.</strong></span> <span class='ocrx_word' id='word_1_509' title='bbox 520 4142 545 4192; x_wconf 89' lang='lat' dir='ltr'><strong>in</strong></span> <span class='ocrx_word' id='word_1_510' title='bbox 557 4142 617 4196; x_wconf 87' lang='lat' dir='ltr'><strong>Ver.</strong></span> <span class='ocrx_word' id='word_1_511' title='bbox 632 4142 658 4192; x_wconf 81' lang='lat'><strong>5.</strong></span> <span class='ocrx_word' id='word_1_512' title='bbox 695 4142 817 4209; x_wconf 82' lang='lat' dir='ltr'><strong>draginta</strong></span> <span class='ocrx_word' id='word_1_513' title='bbox 836 4140 960 4193; x_wconf 76' lang='lat' dir='ltr'><strong>ordinum</strong></span> <span class='ocrx_word' id='word_1_514' title='bbox 980 4137 1048 4201; x_wconf 85' lang='lat' dir='ltr'><strong>luit,</strong></span> <span class='ocrx_word' id='word_1_515' title='bbox 1079 4144 1104 4189; x_wconf 91' lang='lat' dir='ltr'><strong>ot</strong></span> <span class='ocrx_word' id='word_1_516' title='bbox 1124 4140 1305 4211; x_wconf 84' lang='lat' dir='ltr'><strong>quatermille</strong></span> <span class='ocrx_word' id='word_1_517' title='bbox 1351 4154 1359 4167; x_wconf 83' lang='grc'><em>·</em></span> 
     </span>
     <span class='ocr_line' id='line_1_51' title="bbox 95 4208 1306 4283; baseline 0.004 -26"><span class='ocrx_word' id='word_1_518' title='bbox 95 4243 103 4257; x_wconf 92' lang='grc'><strong>.</strong></span> <span class='ocrx_word' id='word_1_519' title='bbox 124 4209 262 4262; x_wconf 79' lang='lat' dir='ltr'><strong>Eretriis</strong></span> <span class='ocrx_word' id='word_1_520' title='bbox 282 4213 356 4264; x_wconf 84' lang='lat' dir='ltr'><strong>nooia</strong></span> <span class='ocrx_word' id='word_1_521' title='bbox 384 4222 544 4275; x_wconf 82' lang='lat' dir='ltr'><strong>constrato,·</strong></span> <span class='ocrx_word' id='word_1_522' title='bbox 574 4224 599 4265; x_wconf 91' lang='lat' dir='ltr'><strong>et</strong></span> <span class='ocrx_word' id='word_1_523' title='bbox 627 4213 665 4265; x_wconf 82' lang='lat' dir='ltr'><strong>r&#39;to</strong></span> <span class='ocrx_word' id='word_1_524' title='bbox 701 4214 829 4281; x_wconf 77' lang='lat' dir='ltr'><strong>remigum</strong></span> <span class='ocrx_word' id='word_1_525' title='bbox 851 4229 945 4263; x_wconf 82' lang='lat' dir='ltr'><strong>versus</strong></span> <span class='ocrx_word' id='word_1_526' title='bbox 962 4208 1240 4283; x_wconf 83' lang='lat' dir='ltr'><strong>quinquagintaluern.</strong></span> <span class='ocrx_word' id='word_1_527' title='bbox 1254 4211 1306 4283; x_wconf 82' lang='lat' dir='ltr'><strong>lgi-</strong></span> 
     </span>
    </p>

    <p class='ocr_par' dir='ltr' id='par_1_14' title="bbox 57 4281 1308 4358">
     <span class='ocr_line' id='line_1_52' title="bbox 57 4281 1308 4358; baseline 0.004 -27"><span class='ocrx_word' id='word_1_528' title='bbox 57 4295 174 4346; x_wconf 71' lang='lat' dir='ltr'><strong>nuaqno,</strong></span> <span class='ocrx_word' id='word_1_529' title='bbox 195 4290 222 4333; x_wconf 84' lang='lat' dir='ltr'><strong>nt</strong></span> <span class='ocrx_word' id='word_1_530' title='bbox 238 4283 307 4335; x_wconf 84' lang='lat' dir='ltr'><strong>ar&#39;rir</strong></span> <span class='ocrx_word' id='word_1_531' title='bbox 322 4283 488 4351; x_wconf 78' lang='lat' dir='ltr'><strong>piroedonum</strong></span> <span class='ocrx_word' id='word_1_532' title='bbox 504 4302 664 4355; x_wconf 65' lang='lat' dir='ltr'><strong>psqnnoer·</strong></span> <span class='ocrx_word' id='word_1_533' title='bbox 700 4295 742 4337; x_wconf 89' lang='lat' dir='ltr'><strong>tur</strong></span> <span class='ocrx_word' id='word_1_534' title='bbox 759 4284 898 4338; x_wconf 87' lang='lat' dir='ltr'><strong>Chimaera</strong></span> <span class='ocrx_word' id='word_1_535' title='bbox 916 4282 958 4334; x_wconf 88' lang='lat' dir='ltr'><strong>hic</strong></span> <span class='ocrx_word' id='word_1_536' title='bbox 978 4281 1145 4354; x_wconf 76' lang='lat' dir='ltr'><strong>virgiliana,</strong></span> <span class='ocrx_word' id='word_1_537' title='bbox 1167 4300 1234 4358; x_wconf 83' lang='lat' dir='ltr'><strong>quae</strong></span> <span class='ocrx_word' id='word_1_538' title='bbox 1259 4285 1308 4339; x_wconf 69' lang='grc' dir='ltr'><strong>ιη’-</strong></span> 
     </span>
    </p>

    <p class='ocr_par' dir='ltr' id='par_1_15' title="bbox 56 4354 1306 4425">
     <span class='ocr_line' id='line_1_53' title="bbox 56 4354 1306 4425; baseline 0.007 -28"><span class='ocrx_word' id='word_1_539' title='bbox 56 4359 182 4411; x_wconf 77' lang='lat' dir='ltr'><strong>rar-etur,</strong></span> <span class='ocrx_word' id='word_1_540' title='bbox 211 4355 285 4407; x_wconf 73' lang='lat' dir='ltr'><strong>ordis</strong></span> <span class='ocrx_word' id='word_1_541' title='bbox 303 4356 388 4408; x_wconf 69' lang='lat' dir='ltr'><strong>incar</strong></span> <span class='ocrx_word' id='word_1_542' title='bbox 404 4356 579 4409; x_wconf 63' lang='lat' dir='ltr'><strong>hndmr&#39;anter</strong></span> <span class='ocrx_word' id='word_1_543' title='bbox 597 4358 660 4410; x_wconf 83' lang='lat' dir='ltr'><strong>illos</strong></span> <span class='ocrx_word' id='word_1_544' title='bbox 698 4356 768 4425; x_wconf 63' lang='lat' dir='ltr'><strong>ptati</strong></span> <span class='ocrx_word' id='word_1_545' title='bbox 783 4372 887 4417; x_wconf 80' lang='lat' dir='ltr'><strong>versa,</strong></span> <span class='ocrx_word' id='word_1_546' title='bbox 910 4354 1009 4425; x_wconf 69' lang='lat' dir='ltr'><strong>triplici</strong></span> <span class='ocrx_word' id='word_1_547' title='bbox 1026 4358 1120 4412; x_wconf 76' lang='lat' dir='ltr'><strong>ordine</strong></span> <span class='ocrx_word' id='word_1_548' title='bbox 1138 4361 1261 4412; x_wconf 79' lang='lat' dir='ltr'><strong>imtrtteta</strong></span> <span class='ocrx_word' id='word_1_549' title='bbox 1278 4373 1306 4406; x_wconf 84' lang='lat' dir='ltr'><strong>e·</strong></span> 
     </span>
    </p>

    <p class='ocr_par' dir='ltr' id='par_1_16' title="bbox 53 4426 1306 4573">
     <span class='ocr_line' id='line_1_54' title="bbox 53 4426 1306 4501; baseline 0.008 -28"><span class='ocrx_word' id='word_1_550' title='bbox 53 4432 195 4489; x_wconf 77' lang='lat' dir='ltr'><strong>pyraticus</strong></span> <span class='ocrx_word' id='word_1_551' title='bbox 214 4444 387 4496; x_wconf 67' lang='lat' dir='ltr'><strong>myoparones</strong></span> <span class='ocrx_word' id='word_1_552' title='bbox 407 4427 551 4480; x_wconf 56' lang='lat' dir='ltr'><strong>numeror.</strong></span> <span class='ocrx_word' id='word_1_553' title='bbox 698 4438 764 4494; x_wconf 74' lang='lat' dir='ltr'><strong>rat,</strong></span> <span class='ocrx_word' id='word_1_554' title='bbox 783 4429 895 4498; x_wconf 86' lang='lat' dir='ltr'><strong>remiges</strong></span> <span class='ocrx_word' id='word_1_555' title='bbox 912 4426 939 4478; x_wconf 93' lang='lat' dir='ltr'><strong>in</strong></span> <span class='ocrx_word' id='word_1_556' title='bbox 954 4427 1061 4501; x_wconf 84' lang='lat' dir='ltr'><strong>singulis</strong></span> <span class='ocrx_word' id='word_1_557' title='bbox 1073 4426 1189 4483; x_wconf 85' lang='lat' dir='ltr'><strong>lateribus</strong></span> <span class='ocrx_word' id='word_1_558' title='bbox 1200 4443 1306 4497; x_wconf 79' lang='lat' dir='ltr'><strong>nosen,</strong></span> 
     </span>
     <span class='ocr_line' id='line_1_55' title="bbox 96 4492 1131 4573; baseline 0.01 -27"><span class='ocrx_word' id='word_1_559' title='bbox 96 4492 136 4561; x_wconf 65' lang='lat' dir='ltr'><strong>(i)</strong></span> <span class='ocrx_word' id='word_1_560' title='bbox 155 4496 260 4565; x_wconf 78' lang='lat' dir='ltr'><strong>Triplici</strong></span> <span class='ocrx_word' id='word_1_561' title='bbox 290 4517 382 4551; x_wconf 79' lang='lat' dir='ltr'><strong>versu.</strong></span> <span class='ocrx_word' id='word_1_562' title='bbox 403 4508 455 4551; x_wconf 83' lang='lat' dir='ltr'><strong>etc.</strong></span> <span class='ocrx_word' id='word_1_563' title='bbox 470 4500 489 4566; x_wconf 89' lang='lat'><strong>).</strong></span> <span class='ocrx_word' id='word_1_564' title='bbox 514 4499 662 4554; x_wconf 80' lang='lat' dir='ltr'><strong>Tra&#39;renrent</strong></span> <span class='ocrx_word' id='word_1_565' title='bbox 699 4508 750 4558; x_wconf 86' lang='lat' dir='ltr'><strong>tota</strong></span> <span class='ocrx_word' id='word_1_566' title='bbox 766 4517 830 4554; x_wconf 85' lang='lat' dir='ltr'><strong>nare</strong></span> <span class='ocrx_word' id='word_1_567' title='bbox 848 4499 987 4554; x_wconf 77' lang='lat' dir='ltr'><strong>octodecim</strong></span> <span class='ocrx_word' id='word_1_568' title='bbox 1003 4500 1131 4573; x_wconf 82' lang='lat' dir='ltr'><strong>capiebat.</strong></span> 
     </span>
    </p>
   </div>
   <div class='ocr_carea' id='block_1_10' title="bbox 1029 4600 1066 4658">
    <p class='ocr_par' dir='ltr' id='par_1_17' title="bbox 1029 4600 1066 4658">
     <span class='ocr_line' id='line_1_56' title="bbox 1029 4600 1066 4658; baseline -0.081 0"><span class='ocrx_word' id='word_1_569' title='bbox 1029 4600 1066 4658; x_wconf 75' lang='lat'><strong>27</strong></span> 
     </span>
    </p>
   </div>
   <div class='ocr_carea' id='block_1_11' title="bbox 0 0 1447 5234">
    <p class='ocr_par' dir='ltr' id='par_1_18' title="bbox 0 0 1447 5234">
     <span class='ocr_line' id='line_1_57' title="bbox 0 0 1447 5234; baseline 0 0"><span class='ocrx_word' id='word_1_570' title='bbox 0 0 1447 5234; x_wconf 95' lang='lat' dir='ltr'><strong> </strong></span> 
     </span>
    </p>
   </div>
  </div>
 </body>
</html>
