2866 5234
270 329 302 374 ra
650 311 688 371 P.
714 307 879 371 t'itiuttlt
899 308 1079 375 Mauortis

229 396 324 459 mines
342 398 513 461 facultatem
535 394 668 454 baberet.
692 390 779 459 Novi.
793 392 889 470 inquit
907 389 1006 465 Maro,
1022 399 1051 456 te
1071 392 1219 458 Caesarea

228 476 324 539 terme
344 499 472 560 aequem
493 495 559 540 cum
583 475 644 534 Diis
664 471 882 535 immortalibus
902 477 1080 555 potestatem
1103 478 1216 538 habers

228 559 286 627 vis,
298 559 418 623 telicem
439 561 542 622 lacias.
560 553 605 616 Eo
626 554 724 615 animo
744 570 825 624 sum,
839 570 889 616 ras
929 552 991 615 ndit
1004 553 1125 626 Caesar,
1141 563 1172 615 ut
1193 561 1218 619 si

228 646 300 713 gatu
310 642 434 714 dixeris,
446 644 566 702 beatum
582 641 623 705 te,
641 634 817 713 leliccmqae
827 633 880 695 red
903 654 961 699 am·
976 633 1106 705 Utinam,
1123 641 1164 698 ait
1177 639 1222 700 lla

227 720 280 778 tibl
302 738 375 786 vcra
394 723 494 790 dicare
513 734 618 797 queam
632 716 639 773 l
655 715 738 777 Trina
758 718 920 795 Augustus:
943 718 1048 796 putant
1067 719 1116 781 alii
1138 737 1186 782 me
1207 737 1224 781 n

227 800 347 876 (quidam
369 803 571 883 suspicantur,
587 794 647 859 alio
668 814 717 856 ms
730 799 865 874 genitum
878 797 958 858 viro.
973 795 1059 860 blare
1073 800 1224 863 subrident

224 884 252 941 ei
274 884 406 963 impune.
418 884 599 958 licenterque
619 895 697 956 quae
718 877 813 939 sentio
833 874 914 955 loqui
931 876 1032 957 juber,
1046 879 1074 940 id
1097 882 1225 942 dicam..

224 960 430 1045 jurejurando,
445 962 558 1024 nullum
577 956 644 1037 ejus
665 960 777 1021 dictum
797 973 831 1019 se
849 974 940 1035 aegre
961 958 1119 1021 laturum:
1143 964 1226 1024 imma

228 1053 293 1104 tum
316 1047 354 1105 ab
375 1061 412 1105 eo
433 1044 650 1105 discessurum.
666 1041 711 1101 Ad
735 1039 942 1111 hermerotes
963 1042 1061 1103 ocutis
1082 1043 1208 1119 hirgusti

227 1122 371 1193 Facilius.
385 1127 440 1199 alt,
456 1124 486 1184 in
506 1119 634 1185 caeteris
657 1119 835 1182 animalibus
855 1119 1016 1199 qualitates
1035 1130 1227 1201 parentuma

224 1212 258 1266 ct
278 1205 465 1297 Philosophia
487 1201 626 1281 cognosci
646 1205 780 1281 possunt;
802 1201 833 1262 in
851 1200 972 1263 homine
992 1220 1179 1283 nequaquam
1200 1222 1228 1283 pi

227 1285 267 1348 de
287 1292 319 1350 ta
339 1297 544 1365 conjecturam
565 1282 662 1345 haheo
682 1281 811 1345 similam
830 1282 919 1353 real.
938 1285 975 1341 ut
994 1286 1067 1361 quid
1088 1302 1229 1347 exerceor

225 1370 308 1429 scire
329 1370 453 1448 possim.
469 1364 593 1425 Attente
606 1367 782 1441 expectabat
801 1360 953 1440 Augustus
965 1366 1109 1441 quidnam
1123 1366 1230 1428 diceret

223 1454 291 1509 tum
312 1465 367 1525 ego
387 1464 450 1507 rem
461 1445 628 1521 intelligere
641 1460 776 1521 possum,
788 1444 905 1523 pistoris
919 1443 1053 1519 liberes,
1067 1449 1172 1525 inquit.
1187 1445 1232 1509 Oh

222 1545 289 1598 aar,
308 1534 340 1590 et
358 1528 460 1589 statim
480 1542 541 1608 quo
562 1525 592 1585 id
613 1528 701 1604 pactu
722 1522 788 1584 lieri
803 1526 959 1603 potuerit,
974 1530 1074 1589 animo
1088 1530 1233 1589 volvebat.

222 1606 381 1686 Virgilium
395 1608 486 1679 Audi,
502 1609 612 1684 inquit,
624 1621 684 1684 quo
706 1610 791 1685 pacto
811 1603 840 1665 id
861 1603 998 1683 conjicio.
1012 1606 1089 1670 Cum
1111 1607 1233 1689 quaeda

222 1690 492 1767 praedixerimqua‚
507 1704 586 1768 quae
605 1684 742 1763 intelligi,
756 1687 884 1763 scirique
903 1703 963 1748 non
984 1687 1039 1750 nisi
1060 1690 1098 1751 ah
1112 1688 1234 1754 eruditis

222 1786 285 1847 qua
304 1770 376 1832 airis
394 1771 569 1848 potuissent,
584 1774 618 1829 tu
638 1763 779 1846 Princeps
799 1767 882 1829 orbis
903 1769 1027 1838 iterum.
1053 1775 1085 1832 et
1105 1770 1217 1833 lterum

222 1850 328 1914 cedem
347 1851 411 1915 dari
419 1849 546 1929 jussistis
562 1848 640 1928 quod
655 1846 775 1926 quidem
789 1852 841 1909 aut
852 1850 983 1926 pistnrls,
994 1854 1046 1911 aut
1060 1852 1120 1912 nati
1132 1854 1236 1932 pistore

220 1928 337 1997 Placuit
357 1928 651 1995 Cossutianum
664 1928 815 2007 deinceps.
828 1929 921 2005 inquit
933 1927 1058 2003 Caesar,
1073 1949 1130 1991 non
1145 1951 1162 1993 a
1176 1935 1237 2011 pist

220 2015 417 2092 magnanimo
436 2014 513 2075 dona
534 2010 624 2073 teres.
638 2008 785 2085 illumque
805 2006 928 2083 plurimi
948 2010 1020 2072 lecit
1032 2054 1043 2081 ‚
1057 2017 1090 2073 et
1109 2012 1232 2076 Pollioni

301 2092 491 2171 Corpnro‚et
509 2095 627 2153 sutura
647 2088 701 2149 luit
720 2086 838 2166 grandi,
854 2090 982 2164 aquilino
1002 2093 1206 2161 colmelecta
1227 2118 1239 2161 ι

218 2173 323 2235 tudine
342 2173 438 2244 raria3
450 2190 520 2233 nam
540 2169 716 2248 plerumque
735 2168 772 2229 ab
793 2167 960 2239 stomacho.
983 2175 1014 2233 st
1034 2170 1179 2243 trucibus.
1192 2191 1226 2238 ac

217 2253 385 2316 laborabatr
401 2254 573 2332 sanguinem
594 2250 687 2313 etiam
707 2249 828 2327 saepius
840 2247 936 2326 ejecit.
951 2247 1029 2320 Cibi,
1043 2254 1166 2334 vinique
1180 2259 1241 2320 min

220 2353 290 2395 eum
311 2334 438 2396 lihidinis
459 2333 607 2412 pronioris
626 2331 657 2393 io
677 2347 786 2411 pueros
807 2326 912 2405 luissc;
926 2333 980 2394 sed
993 2333 1062 2395 boni
1086 2335 1125 2394 ita
1139 2354 1211 2399 eurn
1231 2359 1241 2429 l

218 2420 415 2491 putaverunt,
427 2420 460 2475 ut
472 2412 613 2475 Socrates
634 2412 828 2479 alcibiadem.
846 2416 877 2473 et
889 2412 972 2475 Plato
993 2431 1067 2477 suos
1086 2418 1241 2493 poemat

218 2513 305 2556 mnes
325 2496 453 2557 maxime
466 2494 569 2557 dilexit
582 2491 733 2559 Cebetem,
746 2494 779 2552 et
791 2490 1008 2565 Alexandrum,
1024 2512 1113 2573 quem
1127 2501 1241 2563 secund·¹

217 2576 323 2654 ecloga
342 2576 460 2637 Alexim
483 2574 613 2652 appellat
627 2618 635 2646 ,
647 2572 786 2634 donatum
807 2573 863 2634 sibi
884 2574 923 2636 ab
942 2574 1045 2638 Asinio
1065 2572 1206 2641 Pollione.
1222 2582 1241 2644 l

216 2657 401 2718 ineruditum
422 2657 543 2717 dimisit:
559 2654 763 2715 Alexandrum
783 2654 1036 2725 Grammaticum,
1052 2653 1195 2721 Cebetem
1210 2681 1241 2723 va

215 2736 383 2816 vulgatum
404 2742 465 2808 est,
480 2736 669 2797 consuevisse
681 2752 750 2795 eum
773 2752 842 2796 cunr
863 2733 961 2799 Plotia
980 2734 1083 2801 Hiera.
1099 2738 1155 2801 Sed
1171 2742 1241 2804 Aser

216 2835 274 2879 nus
295 2818 433 2888 affirmat,
449 2819 546 2896 ipsum
558 2822 661 2895 postea
674 2816 837 2877 minoribus
852 2817 926 2876 natu
945 2834 1069 2881 narrare
1089 2820 1241 2891 solitum:

215 2898 285 2959 dem
306 2913 339 2959 se
359 2914 378 2957 a
399 2896 493 2960 Vario
513 2895 553 2959 ad
575 2896 813 2959 communionem
834 2895 981 2969 mulieris,
996 2916 1100 2960 verum
1115 2920 1148 2962 sc
1169 2907 1242 2980 perti

213 2994 347 3039 cusasw.
362 2974 488 3042 Caetera
509 2996 584 3040 sans
604 2979 716 3049 elimet
735 2995 797 3045 ore,
811 2980 846 3039 et
863 2976 963 3039 animo
983 2983 1044 3038 tarn
1066 2982 1191 3060 probum
1212 2983 1242 3046 lu

212 3065 249 3119 ut
269 3042 392 3136 Neapoli
411 3054 582 3121 Porttcnicr
602 3056 693 3135 vulgo
707 3056 919 3136 appellaretur:
932 3074 979 3133 ac,
990 3059 1016 3117 si
1029 3063 1147 3137 quando
1160 3062 1242 3127 Rom.

212 3143 291 3202 alme
310 3141 510 3208 commeabat,
523 3142 687 3210 viseretur,
699 3138 728 3199 in
749 3138 866 3216 publico
879 3142 1028 3201 sectantes
1041 3140 1242 3208 demonstrant

213 3220 367 3295 terlugere
386 3219 508 3283 solitum
529 3221 558 3280 in
571 3221 740 3299 proximum
753 3224 877 3283 tectura.
893 3218 974 3282 Boos
988 3224 1090 3283 autam
1103 3223 1242 3300 cujusdaa

210 3300 328 3364 terente
347 3301 480 3377 Augusto
501 3318 559 3362 non
579 3300 721 3362 sustinuit
740 3303 886 3378 accipere.
902 3298 1035 3363 Possedit
1055 3319 1150 3382 prope
1163 3309 1241 3369 conti

211 3400 250 3442 ex
271 3381 499 3445 liberalitatibus
519 3374 878 3458 amicorumllabuitque
899 3380 1019 3441 domum
1041 3380 1156 3446 Rornae
1170 3388 1240 3449 inE

208 3462 313 3525 hortos
331 3460 524 3533 bleeocnatis3
534 3476 718 3539 quamquam
731 3478 852 3523 secessu
862 3457 1053 3540 Campaniae,
1066 3463 1240 3545 Siciliaeque

211 3546 335 3603 teretur.
349 3542 568 3618 Quaecumque
586 3542 626 3603 ab
645 3541 777 3620 Augusto
799 3547 924 3621 peteret,
937 3541 1086 3621 repulsam
1107 3564 1242 3626 nunquan

210 3625 344 3685 rentibus
364 3624 522 3702 quotannis
533 3639 639 3684 aurum
650 3622 687 3682 ad
700 3623 902 3684 abundantem
916 3621 1020 3683 alitum
1033 3627 1242 3708 mittebatque

208 3703 323 3763 amisit:
337 3723 376 3765 ex
395 3704 642 3783 quibus,patrsm
661 3702 755 3764 oculis
768 3708 899 3781 captum;
914 3701 1028 3766 etduos
1040 3704 1149 3768 lratros
1164 3728 1243 3786 geru

209 3784 410 3860 impuberem.
426 3783 568 3845 Flaccum
580 3782 643 3862 jam
664 3781 900 3861 adultum,cujus
914 3785 1028 3847 exitum
1039 3785 1095 3847 sub
1110 3792 1243 3853 nomine.

209 3863 270 3923 tlet.
284 3860 367 3925 luter
386 3869 487 3926 cetera
505 3865 616 3935 studia,
631 3869 770 3941 utsupra
792 3865 932 3937 diximus,
950 3864 1118 3929 Medicinae
1130 3889 1243 3949 quoqu<

209 3941 445 4005 Mathematicus
457 3961 577 4023 operam
587 3942 747 4021 deditllgit
758 3950 788 4006 nt
800 3963 920 4006 causam
935 3950 1243 4023 unamemrriuo‚neea

181 4039 185 4049 ·
209 4024 464 4087 semol.Sermone
477 4025 728 4093 tardissinurmac
740 4045 815 4103 pene
828 4026 948 4092 indocto
962 4029 1087 4090 similem
1103 4028 1241 4099 luisse.hl

292 4104 445 4166 Poeticam
466 4124 539 4184 puer
560 4106 659 4167 adhuc
681 4110 859 4184 auspicatur,
882 4110 911 4169 ln
933 4111 1076 4171 Balistum
1099 4112 1159 4171 ludi
1180 4114 1243 4187 glad

209 4188 318 4262 etrum,
332 4186 371 4249 ob
391 4185 542 4249 intamiam
562 4188 788 4251 latrociniorum
810 4195 984 4269 coopertum
1006 4189 1243 4267 lapidibus,disti

456 4317 558 4381 Monte
578 4319 629 4380 aab
649 4316 700 4378 linc
721 4318 854 4398 lapidum
875 4321 982 4399 rapitur
1001 4321 1122 4385 Boliatu
1143 4328 1243 4402 sepulti

533 4398 636 4471 Nocte,
651 4398 707 4471 die,
721 4410 816 4462 tutam
835 4420 934 4483 corpe,
947 4404 1051 4473 sistor,
1066 4407 1132 4466 iter.

212 4512 326 4578 Deinde
348 4510 529 4577 Catalecton.
544 4516 577 4573 st
596 4511 759 4581 hloreturu,
772 4522 804 4575 et
816 4510 964 4595 Priapeia,
976 4518 1009 4576 et
1022 4514 1244 4595 Epigrammata

211 4597 440 4669 Culicem,.cu1n
461 4599 707 4659 coaetaneorum
728 4594 918 4675 quindecim:
937 4596 1022 4679 cujus
1043 4602 1170 4669 materia
1191 4602 1243 4668 tali
