2866 5234
500 347 694 410 nunninus
716 343 788 409 Llll.
812 348 861 409 lv.
886 396 891 407 .

233 453 370 531 conjugis
392 454 522 528 antiqui,
544 457 618 512 miro
638 454 713 530 qarod
734 455 843 513 honore
862 454 997 520 colebat,

236 536 397 595 Velleribus
418 535 504 593 niveis
522 537 552 592 et
571 533 645 593 testa
666 531 766 593 troade
788 538 956 594 revinctum.

156 615 218 676 tou
238 616 311 676 ilinc
330 612 460 675 exaudiri
481 631 566 674 voces
585 619 616 670 et
635 613 722 672 verba
743 617 869 674 vocantis

234 696 302 754 Visa
324 696 388 760 viri,
413 711 469 758 nox
488 709 556 751 eum
578 700 668 752 terres
689 693 809 754 obscura
831 698 965 754 teneret:

232 776 356 850 Solaque
376 771 550 849 culminibus
570 773 649 833 lerali
670 770 798 834 carmine
817 773 894 835 bubo
915 779 925 806 ¹

229 857 321 932 Saepe
338 856 418 930 niceri
436 897 443 916 .
464 859 494 912 et
514 854 613 929 longas
634 856 662 911 in
683 852 784 914 lletum
805 855 912 916 ducere
933 871 1028 914 voces.
1103 855 1121 927 .'

121 947 125 955 ·
228 935 375 1010 Multaque
393 928 542 1010 praeterea
562 938 662 992 vetum
685 935 812 1009 predicta
834 937 960 1010 priorum

150 1013 208 1074 tut
228 1015 363 1074 Terribili
383 1015 493 1074 monitu
514 1012 690 1091 horrificant.
716 1014 781 1088 Agit
803 1017 863 1092 ipse
883 1015 1027 1075 terentem

227 1094 257 1152 ln
279 1096 386 1153 sonrnis
406 1093 482 1153 [erus
501 1091 624 1152 AEneas:
647 1111 821 1170 semperque
843 1095 961 1172 relinqui

226 1175 292 1232 Sola
313 1174 366 1232 sibi
384 1217 392 1241 ,
413 1190 528 1250 semper
549 1172 661 1247 longam
683 1177 847 1235 incomitata
869 1177 982 1236 videtur

230 1254 276 1313 lre
298 1255 398 1323 viam,
420 1256 451 1312 et
469 1253 575 1334 Tyrios
595 1255 708 1313 deserta
728 1272 866 1332 quaerere
886 1264 976 1317 terra·

174 1388 176 1395 .
227 1333 417 1393 Eumenidum
439 1333 529 1396 ueluti
550 1341 563 1370 ²
583 1332 705 1393 demens
721 1336 797 1394 videt
816 1338 929 1413 agmina
952 1334 1118 1409 Pentheus,
1189 1331 1191 1335 ’

148 1413 206 1473 tro
229 1412 266 1473 Et
284 1413 379 1475 Solem
401 1417 551 1489 geminum
567 1457 575 1481 ,
597 1418 625 1471 et
638 1413 770 1489 'duplices
789 1433 819 1475 se
839 1417 987 1482 ostendere
1006 1414 1137 1476 Thebas:

225 1498 283 1556 Aut
302 1495 547 1569 Agamemnonius
568 1495 662 1554 scenis
682 1495 805 1568 agitatus
825 1494 943 1555 Orestes
964 1503 1000 1565 ³,

226 1579 376 1634 Armatam
397 1574 506 1634 lacibus
526 1579 650 1634 matrem
670 1576 701 1629 et
720 1577 902 1650 serpentibus
923 1578 993 1634 atris

227 1653 301 1713 Cum
323 1651 418 1728 sugit,
440 1653 619 1730 ultricesque.
635 1652 736 1710 sedent
760 1656 787 1710 in
809 1655 906 1712 limine
928 1655 1026 1714 llirae·
1136 1711 1139 1716 .

268 1733 345 1814 Ergo
366 1732 416 1790 ubi
435 1735 567 1808 concepit
589 1731 687 1791 Furias
706 1731 941 1802 caementato,
1091 1732 1098 1746 ”

475 1865 890 1922 ruuuuuuuuautn

64 2010 135 2057 etum
152 1999 220 2054 vittis
241 1998 305 2052 albis
322 2004 348 2050 et
365 1996 458 2050 festivis
476 1996 552 2051 loliis.
572 1995 659 2052 Verba
676 2007 701 2053 et
720 2017 792 2054 voees
808 2003 891 2053 mariti
910 2003 1062 2075 appellantis
1082 2002 1135 2054 risa
1158 2012 1220 2055 cunt
1234 2000 1295 2052 hine

64 2073 169 2140 audiri,
188 2088 246 2125 eum
263 2086 342 2142 opaea
359 2085 410 2121 uox
426 2069 555 2141 obtegeret
572 2076 650 2123 terres
658 2109 668 2136 ,
688 2080 714 2123 et
732 2071 800 2127 bubo
815 2073 883 2127 solus
899 2075 972 2128 ocior
982 2071 1044 2129 e'stc
1055 2074 1125 2127 tectis
1136 2089 1211 2144 saepe
1221 2075 1292 2141 queri
1394 2114 1397 2122 .

67 2147 165 2199 s¹¹¹¹⁰⁸¹⁰
180 2150 277 2208 ΜΨ
294 2148 320 2196 ⁰²
336 2142 482 2212 Pf⁰¹¹³h²f⁰
499 2143 589 2210 ¹⁰¹¹&ss
607 2158 679 2195 '⁰0⁰⁸
705 2142 733 2196 iu
753 2142 1007 2201 mercationem
1032 2152 1163 2219 prseterea
1179 2146 1296 2196 vaticinia

65 2226 180 2270 leffium
197 2225 283 2267 ”mm
302 2219 396 2266 lemn!
414 2232 472 2268 eam
490 2214 589 2265 monitis
604 2213 744 2268 horrendis.
761 2216 815 2286 lpse
832 2217 941 2270 crudelis
958 2218 1052 2272 AEneas
1067 2216 1154 2269 turbat
1170 2213 1295 2268 sumnum

64 2306 111 2359 per
127 2288 241 2339 somma:
257 2295 283 2339 et
299 2287 360 2357 epra
377 2284 431 2339 aabr'
444 2283 544 2338 ridetur
563 2301 664 2355 semper
680 2285 760 2340 deseri
776 2288 848 2351 sols,
877 2306 977 2360 semper
1000 2292 1036 2342 ire
1058 2301 1108 2360 ‘per
1129 2289 1235 2358 longum
1250 2287 1298 2343 im

64 2359 229 2425 immistus
245 2364 272 2411 ⁰¹
288 2373 382 2427 ‘1¹¹⁸ere
399 2356 613 2424 Carthaginem
631 2359 659 2412 eir
676 2357 737 2412 locis
753 2360 867 2413 desertis.
884 2358 1098 2424 Quemadmodum
1116 2359 1243 2413 Pentheus
1259 2358 1299 2412 iu·

62 2432 161 2485 ueniens
178 2430 244 2483 ridel
262 2437 357 2482 turmas
378 2427 531 2491 Furiarum,
549 2428 660 2499 duosque
680 2431 772 2496 Soles,
791 2439 815 2484 et
829 2432 892 2484 duos
909 2433 1009 2486 Thebas
1023 2450 1051 2486 se
1067 2431 1158 2486 auerte
1171 2429 1241 2500 epaa':
1255 2432 1296 2483 vel

114 2501 279 2556 mailmodum
296 2499 497 2572 Agamemnonis
504 2500 583 2574 filcile
601 2499 718 2567 Orestes,
731 2514 783 2556 tom
802 2520 883 2574 caepe
895 2501 1005 2573 jactatus
1021 2506 1049 2557 cir
1061 2504 1181 2559 thenon:
1194 2501 1297 2571 qun&
1415 2557 1419 2569 ἱ

63 2521 976 2716 ΕΜ...
986 2574 1297 2630 uu*

221 2684 228 2698 ο
1183 2681 1192 2713 i

61 2849 224 2922 quaereitur
250 2850 421 2917 dicebantur,
446 2862 596 2908 ornamenta
613 2873 664 2909 non
698 2860 868 2927 tem,v.915.
882 2857 1298 2923 Kerasoopevpa'ioopnatue

64 2919 222 2976 secerdotum
238 2929 359 2990 tantum,
376 2923 420 2977 sed
436 2932 463 2978 et
478 2931 619 2979 statuarum
638 2933 664 2980 et
699 2932 769 2991 lose,
780 2932 870 2991 irem
880 2928 1010 2992 luesder-
1021 2923 1305 2980 Etverovtiiereme'lte‘

62 2993 236 3047 victimarum.
255 2995 312 3048 Ecl.
331 2995 358 3049 8.
380 2997 424 3059 64.
444 2997 505 3049 AEn.
526 3014 553 3049 s.
575 2996 634 3050 133.
700 2998 769 3051 duee
791 2996 894 3071 quedem
912 2997 993 3051 Soles
1008 2995 1119 3062 videor,
1134 2992 1302 3069 repletaque

98 3065 138 3135 (r)
148 3067 214 3119 ·Sola
226 3065 313 3137 hubo).
332 3066 416 3140 Gusuc
435 3069 515 3134 vulgo
534 3066 665 3123 masculini
703 3068 817 3137 Thebae.
829 3067 899 3120 Adiit
909 3067 1120 3136 virgiliusetiam
1129 3067 1298 3138 ‘lemtim‘

63 3139 185 3208 generis,
209 3137 252 3189 hic
278 3136 399 3192 tuemini:
420 3138 502 3208 idque
518 3140 666 3195 notatNon·
698 3143 837 3204 mentitum,
859 3144 911 3192 sire
934 3139 1084 3206 Furiarum,
1096 3157 1162 3212 quae
1179 3147 1229 3193 tres
1245 3144 1299 3191 lou·
1409 3206 1411 3211 Ι

62 3211 120 3269 nius
136 3209 282 3274 Marcellum
301 3209 417 3281 idemque
435 3211 498 3280 legit
514 3229 592 3279 ecre,
613 3229 666 3266 nou
698 3214 825 3265 tummodo
841 3219 909 3265 sunt.
926 3210 965 3264 Du
980 3210 1070 3281 quibua
1085 3211 1150 3265 Geor
1172 3251 1179 3267 .
1195 3227 1219 3264 ι.
1233 3208 1296 3279 ¹7⁸·

62 3281 130 3336 solu·
143 3288 277 3350 utrumque
289 3289 357 3352 apte,
369 3298 429 3336 cum
441 3288 502 3336 aerd
513 3285 664 3338 subnectere
678 3318 682 3324 -
735 3284 774 3356 (3)
791 3282 923 3354 Orestes).
938 3284 1136 3355 Agamemnonis
1147 3229 1225 3345 Elius,
1238 3296 1300 3360 pro-

62 3360 158 3420 canet,
188 3361 214 3411 et
232 3354 288 3407 loos
312 3354 373 3406 eolo
395 3352 543 3424 plerumque
559 3355 664 3410 incolat.
701 3363 758 3425 pter
776 3359 885 3410 occisam
903 3365 1008 3410 matrem
1019 3353 1050 3408 Cl
1071 3362 1229 3409 remaneam
1244 3365 1299 3419 ψ·

98 3424 138 3496 (s)
162 3425 229 3478 Eum
254 3425 342 3477 nidum
360 3425 457 3489 veluti,
477 3425 558 3497 etc.).
586 3426 665 3481 Euro·
699 3434 766 3481 tatus
784 3428 817 3481 ab
834 3427 891 3498 ejus
909 3372 1299 3495 ummerhurm,qmeseae
1358 3435 1361 3440 ’

61 3513 116 3548 rem
134 3497 237 3550 Didonis
254 3502 384 3565 comparat
395 3513 453 3549 cum
465 3495 550 3552 lurore
561 3498 665 3551 Penthei
732 3502 784 3553 rei
801 3517 859 3554 oum
874 3496 973 3553 lacibus
988 3500 1124 3551 imminere
1140 3494 1298 3554 videbantur,

63 3573 87 3619 rt
105 3566 208 3620 Orestis.
229 3567 372 3634 Pentheus,
390 3568 509 3622 Echionis
522 3568 590 3623 filius
601 3569 664 3624 Cad
747 3572 809 3641 phoa
825 3571 888 3623 adiit
904 3572 937 3625 ad
948 3569 1127 3625 consulendum
1145 3564 1297 3636 Apollinem:

62 3639 98 3689 mi
118 3655 192 3706 nepos
208 3656 240 3693 ex
256 3638 349 3708 Agave
366 3639 435 3707 lilia,
453 3656 498 3693 rex
516 3640 664 3694 Thebarum
699 3659 775 3714 aquo
794 3660 853 3696 eum
874 3643 981 3696 audisset
997 3660 1024 3694 se
1042 3640 1147 3693 Athenis
1165 3639 1190 3689 in
1208 3633 1300 3702 templo

62 3709 90 3761 in
108 3710 233 3764 Boeotia:
252 3728 310 3763 eum
329 3712 395 3763 cives
412 3729 429 3763 a
447 3709 540 3764 Bacchi
558 3730 662 3768 reneru-
698 3718 831 3768 hlincrree
843 3715 1010 3782 expiandum,
1021 3712 1107 3764 Furiis
1120 3708 1206 3777 templi
1225 3707 1300 3757 limen

61 3783 130 3835 tione
146 3789 291 3846 averteret,
316 3781 447 3853 ipsumque
467 3784 611 3851 Bacchum,
630 3786 662 3837 ad
697 3787 882 3845 obsidentibus,
902 3803 934 3838 nc
949 3786 1052 3846 exiret3
1071 3781 1135 3834 exiit
1154 3787 1236 3833 lamen
1251 3795 1258 3829 :
1276 3782 1302 3830 et

62 3869 89 3905 ae
106 3850 152 3905 aab
170 3855 280 3905 henetae
296 3850 376 3903 torma
394 3854 529 3908 adductum
549 3874 565 3908 a
583 3854 663 3908 iamu·
701 3859 814 3910 Athenas
831 3853 965 3926 protectus,
979 3853 1112 3908 Minervae
1130 3850 1225 3921 judicio
1243 3864 1303 3901 ceu·

62 3923 120 3989 lie,
134 3941 239 3977 carcere
256 3923 349 3975 includi
365 3924 488 3993 jussissel3
508 3935 561 3979 tum
579 3929 605 3979 in
626 3928 665 3980 ci·
699 3944 754 3978 sum
772 3930 891 3984 adversus
907 3927 998 3979 Euriaa
1014 3922 1134 3976 obtinuit.
1156 3920 1222 3974 Hine
1237 3919 1303 3973 dixit

62 3994 231 4061 mueronem,
256 3993 372 4047 Boeotiae
390 4006 498 4050 ruentem
509 4037 521 4064 .,
541 3999 574 4052 ad
590 4002 664 4067 orgia
700 3995 824 4069 Virgilius
836 4001 863 4052 e'n
880 3997 977 4052 imaeue.
992 3995 1032 4046 lta
1052 3992 1105 4048 lere
1124 3991 1256 4066 AEuehylus
1273 3993 1302 4045 iu

60 4065 226 4119 disturbando
242 4067 415 4132 cucurrisset,
434 4087 450 4119 a
469 4078 550 4125 matre
568 4079 593 4124 et
612 4086 665 4121 nm·
699 4067 869 4122 Eumenidum
892 4078 915 4121 tr
950 4067 1043 4120 ocdia:
1074 4082 1126 4136 qua
1151 4064 1183 4118 de
1198 4080 1302 4119 racun

61 4139 163 4192 terteris
177 4138 251 4209 orgia
267 4135 453 4193 celebrantibus
470 4141 601 4196 laceratus
616 4147 665 4193 est.
700 4141 768 4192 uliae
784 4142 819 4193 ab
835 4141 923 4209 Euripi
941 4158 954 4193 e
971 4140 1078 4208 aliisque
1101 4137 1179 4207 poetis
1202 4142 1303 4205 tragoe-

61 4208 101 4261 lta
129 4208 205 4263 Orid.
233 4210 339 4262 Marem.
367 4211 393 4263 3.
415 4228 476 4283 7⁰⁰·
502 4213 540 4267 ltu
567 4213 619 4267 iere
642 4219 664 4264 cl
700 4212 759 4264 diae
776 4216 883 4280 scriptae
901 4213 962 4273 sint,
983 4210 1037 4263 ideo
1060 4207 1257 4264 diciturenim
1274 4225 1304 4260 u·

60 4281 196 4351 Euripides
213 4283 238 4333 in
251 4280 396 4335 Bacchieis:
410 4283 453 4336 ubi
466 4286 502 4338 ait
514 4286 665 4350 Pentheum,
697 4283 800 4354 pilutus
822 4287 940 4337 Orestes.
958 4282 1049 4337 Cetera
1065 4280 1097 4334 de
1111 4297 1165 4348 ao,
1189 4279 1253 4334 En.
1274 4278 1300 4331 3·

63 4360 197 4425 antequam
216 4355 240 4405 in
258 4359 369 4406 montem
387 4354 487 4421 obiret,
514 4356 599 4410 tumre
620 4358 665 4409 im·
702 4354 765 4409 331.
784 4356 822 4408 De
839 4354 949 4423 Scene,
1008 4359 1047 4407 rte
1063 4352 1178 4421 theatri,
1203 4348 1298 4419 deig.

62 4425 136 4477 raino
153 4433 271 4479 vexatum
287 4444 304 4477 a
322 4424 421 4481 Beoelm
440 4427 536 4494 fuisse,
553 4445 581 4482 r.
599 4426 664 4492 stu.
698 4445 725 4482 a.
747 4425 810 4483 381.
829 4431 855 4479 el
872 4425 898 4480 b.
919 4429 968 4493 sat.
1030 4421 1296 4494 miscuerimus.

66 4496 199 4568 ipsumque
216 4496 312 4552 inducit
330 4496 488 4566 Pentheum,
508 4500 547 4552 ita
563 4501 666 4570 loqueu-
699 4499 728 4555 3.
747 4516 811 4555 arr.
826 4496 922 4571 Euerg.
942 4516 968 4555 t.
984 4497 1048 4571 ¹78.
1065 4496 1161 4566 deneg.
1181 4496 1207 4548 3.
1228 4492 1289 4547 552·

1018 4594 1057 4654 hh
