<?xml version="1.0" encoding="UTF-8"?>
<!DOCTYPE html PUBLIC "-//W3C//DTD XHTML 1.0 Transitional//EN"
    "http://www.w3.org/TR/xhtml1/DTD/xhtml1-transitional.dtd">
<html xmlns="http://www.w3.org/1999/xhtml" xml:lang="en" lang="en">
 <head>
  <title>
</title>
<meta http-equiv="Content-Type" content="text/html;charset=utf-8" />
  <meta name='ocr-system' content='tesseract 3.04.00' />
  <meta name='ocr-capabilities' content='ocr_page ocr_carea ocr_par ocr_line ocrx_word'/>
</head>
<body>
  <div class='ocr_page' id='page_1' title='image "./pvirgiliimaroni04virggoog/pvirgiliimaroni04virggoog_0574.png"; bbox 0 0 2866 5234; ppageno 0'>
   <div class='ocr_carea' id='block_1_1' title="bbox 465 342 856 409">
    <p class='ocr_par' dir='ltr' id='par_1_1' title="bbox 465 342 856 409">
     <span class='ocr_line' id='line_1_1' title="bbox 465 342 856 409; baseline -0.008 -1"><span class='ocrx_word' id='word_1_1' title='bbox 465 342 658 409; x_wconf 72' lang='lat' dir='ltr'><strong>sudetuos</strong></span> <span class='ocrx_word' id='word_1_2' title='bbox 682 345 753 403; x_wconf 78' lang='lat' dir='ltr'><strong>titt.</strong></span> <span class='ocrx_word' id='word_1_3' title='bbox 774 346 856 405; x_wconf 88' lang='lat' dir='ltr'><strong>vttl.</strong></span> 
     </span>
    </p>
   </div>
   <div class='ocr_carea' id='block_1_2' title="bbox 138 451 1165 2298">
    <p class='ocr_par' dir='ltr' id='par_1_2' title="bbox 138 451 1165 2298">
     <span class='ocr_line' id='line_1_2' title="bbox 220 451 1021 531; baseline -0.007 -14"><span class='ocrx_word' id='word_1_4' title='bbox 220 456 330 517; x_wconf 78' lang='lat' dir='ltr'><strong>{nterea</strong></span> <span class='ocrx_word' id='word_1_5' title='bbox 351 473 433 517; x_wconf 87' lang='lat' dir='ltr'><strong>saera</strong></span> <span class='ocrx_word' id='word_1_6' title='bbox 454 453 545 524; x_wconf 88' lang='lat' dir='ltr'><strong>haee,</strong></span> <span class='ocrx_word' id='word_1_7' title='bbox 566 452 680 531; x_wconf 90' lang='lat' dir='ltr'><strong>quando</strong></span> <span class='ocrx_word' id='word_1_8' title='bbox 700 451 756 513; x_wconf 87' lang='lat' dir='ltr'><strong>hue</strong></span> <span class='ocrx_word' id='word_1_9' title='bbox 778 453 894 514; x_wconf 79' lang='lat' dir='ltr'><strong>venistis</strong></span> <span class='ocrx_word' id='word_1_10' title='bbox 914 457 1021 521; x_wconf 80' lang='lat' dir='ltr'><strong>amici,</strong></span> 
     </span>
     <span class='ocr_line' id='line_1_3' title="bbox 219 530 1020 613; baseline -0.011 -17"><span class='ocrx_word' id='word_1_11' title='bbox 219 541 345 602; x_wconf 67' lang='lat' dir='ltr'><strong>innita.</strong></span> <span class='ocrx_word' id='word_1_12' title='bbox 367 550 442 613; x_wconf 88' lang='lat' dir='ltr'><strong>quae</strong></span> <span class='ocrx_word' id='word_1_13' title='bbox 460 532 581 594; x_wconf 86' lang='lat' dir='ltr'><strong>dilisrrs·</strong></span> <span class='ocrx_word' id='word_1_14' title='bbox 598 530 703 600; x_wconf 78' lang='lat' dir='ltr'><strong>netes,</strong></span> <span class='ocrx_word' id='word_1_15' title='bbox 724 530 871 593; x_wconf 79' lang='lat' dir='ltr'><strong>erlshrrto</strong></span> <span class='ocrx_word' id='word_1_16' title='bbox 892 532 1020 595; x_wconf 64' lang='lat' dir='ltr'><strong>invenies</strong></span> 
     </span>
     <span class='ocr_line' id='line_1_4' title="bbox 217 613 1104 695; baseline -0.006 -17"><span class='ocrx_word' id='word_1_17' title='bbox 217 617 395 684; x_wconf 79' lang='lat' dir='ltr'><strong>Nobiscum,</strong></span> <span class='ocrx_word' id='word_1_18' title='bbox 419 622 449 677; x_wconf 91' lang='lat' dir='ltr'><strong>et</strong></span> <span class='ocrx_word' id='word_1_19' title='bbox 467 614 528 695; x_wconf 81' lang='lat' dir='ltr'><strong>jaro</strong></span> <span class='ocrx_word' id='word_1_20' title='bbox 550 631 625 674; x_wconf 85' lang='lat' dir='ltr'><strong>rrrrne</strong></span> <span class='ocrx_word' id='word_1_21' title='bbox 644 613 786 671; x_wconf 81' lang='lat' dir='ltr'><strong>sociorum</strong></span> <span class='ocrx_word' id='word_1_22' title='bbox 808 616 964 675; x_wconf 73' lang='lat' dir='ltr'>assuescite</span> <span class='ocrx_word' id='word_1_23' title='bbox 988 614 1104 674; x_wconf 82' lang='lat' dir='ltr'><strong>mensis.</strong></span> 
     </span>
     <span class='ocr_line' id='line_1_5' title="bbox 138 692 1000 774; baseline -0.006 -16"><span class='ocrx_word' id='word_1_24' title='bbox 138 693 195 758; x_wconf 82' lang='lat'><strong>175</strong></span> <span class='ocrx_word' id='word_1_25' title='bbox 217 698 296 758; x_wconf 85' lang='lat' dir='ltr'><strong>ilaec</strong></span> <span class='ocrx_word' id='word_1_26' title='bbox 318 695 366 756; x_wconf 87' lang='lat' dir='ltr'><strong>ubi</strong></span> <span class='ocrx_word' id='word_1_27' title='bbox 387 693 464 756; x_wconf 88' lang='lat' dir='ltr'><strong>dicta</strong></span> <span class='ocrx_word' id='word_1_28' title='bbox 482 693 600 770; x_wconf 61' lang='lat' dir='ltr'><strong>adapes</strong></span> <span class='ocrx_word' id='word_1_29' title='bbox 617 692 700 774; x_wconf 84' lang='lat' dir='ltr'><strong>jrrhet</strong></span> <span class='ocrx_word' id='word_1_30' title='bbox 718 698 750 751; x_wconf 88' lang='lat' dir='ltr'><strong>et</strong></span> <span class='ocrx_word' id='word_1_31' title='bbox 769 693 880 754; x_wconf 84' lang='lat' dir='ltr'><strong>sublata</strong></span> <span class='ocrx_word' id='word_1_32' title='bbox 902 694 1000 771; x_wconf 89' lang='lat' dir='ltr'><strong>reponi</strong></span> 
     </span>
     <span class='ocr_line' id='line_1_6' title="bbox 217 769 990 851; baseline -0.003 -17"><span class='ocrx_word' id='word_1_33' title='bbox 217 774 319 838; x_wconf 79' lang='lat' dir='ltr'><strong>Pocula</strong></span> <span class='ocrx_word' id='word_1_34' title='bbox 341 782 364 848; x_wconf 85' lang='lat'><strong>¹,</strong></span> <span class='ocrx_word' id='word_1_35' title='bbox 389 777 593 851; x_wconf 76' lang='lat' dir='ltr'><strong>gramineoque</strong></span> <span class='ocrx_word' id='word_1_36' title='bbox 613 775 691 840; x_wconf 77' lang='lat' dir='ltr'><strong>viros</strong></span> <span class='ocrx_word' id='word_1_37' title='bbox 711 769 786 832; x_wconf 81' lang='lat' dir='ltr'><strong>locat</strong></span> <span class='ocrx_word' id='word_1_38' title='bbox 804 772 865 850; x_wconf 88' lang='lat' dir='ltr'><strong>ipse</strong></span> <span class='ocrx_word' id='word_1_39' title='bbox 885 774 990 835; x_wconf 86' lang='lat' dir='ltr'><strong>sedili:</strong></span> 
     </span>
     <span class='ocr_line' id='line_1_7' title="bbox 216 848 967 932; baseline -0.008 -14"><span class='ocrx_word' id='word_1_40' title='bbox 216 858 464 932; x_wconf 83' lang='lat' dir='ltr'><strong>Praecipuumque</strong></span> <span class='ocrx_word' id='word_1_41' title='bbox 486 861 548 914; x_wconf 93' lang='lat' dir='ltr'><strong>toro</strong></span> <span class='ocrx_word' id='word_1_42' title='bbox 569 861 599 914; x_wconf 89' lang='lat' dir='ltr'><strong>et</strong></span> <span class='ocrx_word' id='word_1_43' title='bbox 620 848 713 913; x_wconf 76' lang='lat' dir='ltr'><strong>villosi</strong></span> <span class='ocrx_word' id='word_1_44' title='bbox 733 851 808 929; x_wconf 87' lang='lat' dir='ltr'><strong>pelle</strong></span> <span class='ocrx_word' id='word_1_45' title='bbox 829 854 917 913; x_wconf 87' lang='lat' dir='ltr'><strong>leonis</strong></span> <span class='ocrx_word' id='word_1_46' title='bbox 955 912 967 928; x_wconf 13' lang='lat' dir='ltr'><strong>y,</strong></span> 
     </span>
     <span class='ocr_line' id='line_1_8' title="bbox 216 933 903 1014; baseline -0.007 -15"><span class='ocrx_word' id='word_1_47' title='bbox 216 938 326 1012; x_wconf 76' lang='lat' dir='ltr'><strong>Accipit</strong></span> <span class='ocrx_word' id='word_1_48' title='bbox 348 933 494 1003; x_wconf 70' lang='lat' dir='ltr'><strong>Eurum,</strong></span> <span class='ocrx_word' id='word_1_49' title='bbox 517 937 647 1014; x_wconf 87' lang='lat' dir='ltr'><strong>solioque</strong></span> <span class='ocrx_word' id='word_1_50' title='bbox 668 933 769 992; x_wconf 83' lang='lat' dir='ltr'><strong>invitat</strong></span> <span class='ocrx_word' id='word_1_51' title='bbox 789 951 903 994; x_wconf 90' lang='lat' dir='ltr'><strong>aeerno.</strong></span> 
     </span>
     <span class='ocr_line' id='line_1_9' title="bbox 214 1013 965 1092; baseline -0.004 -15"><span class='ocrx_word' id='word_1_52' title='bbox 214 1018 289 1077; x_wconf 81' lang='lat' dir='ltr'><strong>Tum</strong></span> <span class='ocrx_word' id='word_1_53' title='bbox 313 1016 378 1074; x_wconf 85' lang='lat' dir='ltr'><strong>teeti</strong></span> <span class='ocrx_word' id='word_1_54' title='bbox 396 1013 518 1092; x_wconf 80' lang='lat' dir='ltr'><strong>jrrvanes</strong></span> <span class='ocrx_word' id='word_1_55' title='bbox 539 1014 668 1074; x_wconf 86' lang='lat' dir='ltr'><strong>certatim</strong></span> <span class='ocrx_word' id='word_1_56' title='bbox 688 1031 812 1092; x_wconf 88' lang='lat' dir='ltr'><strong>araeque</strong></span> <span class='ocrx_word' id='word_1_57' title='bbox 831 1013 965 1074; x_wconf 80' lang='lat' dir='ltr'><strong>sacerdos</strong></span> 
     </span>
     <span class='ocr_line' id='line_1_10' title="bbox 142 1093 1075 1170; baseline 0 -14"><span class='ocrx_word' id='word_1_58' title='bbox 142 1097 197 1159; x_wconf 82' lang='lat'><strong>180</strong></span> <span class='ocrx_word' id='word_1_59' title='bbox 223 1099 334 1156; x_wconf 81' lang='lat' dir='ltr'><strong>liseera</strong></span> <span class='ocrx_word' id='word_1_60' title='bbox 355 1098 431 1155; x_wconf 89' lang='lat' dir='ltr'><strong>tosta</strong></span> <span class='ocrx_word' id='word_1_61' title='bbox 451 1093 548 1155; x_wconf 84' lang='lat' dir='ltr'><strong>lerunt</strong></span> <span class='ocrx_word' id='word_1_62' title='bbox 568 1101 742 1162; x_wconf 86' lang='lat' dir='ltr'><strong>tsurorum.</strong></span> <span class='ocrx_word' id='word_1_63' title='bbox 764 1100 923 1170; x_wconf 79' lang='lat' dir='ltr'><strong>oneratque</strong></span> <span class='ocrx_word' id='word_1_64' title='bbox 944 1095 1075 1156; x_wconf 82' lang='lat' dir='ltr'><strong>canistris</strong></span> 
     </span>
     <span class='ocr_line' id='line_1_11' title="bbox 218 1173 1039 1252; baseline -0.001 -17"><span class='ocrx_word' id='word_1_65' title='bbox 218 1175 296 1237; x_wconf 83' lang='lat' dir='ltr'><strong>lione</strong></span> <span class='ocrx_word' id='word_1_66' title='bbox 318 1174 464 1235; x_wconf 75' lang='lat' dir='ltr'><strong>laboratae</strong></span> <span class='ocrx_word' id='word_1_67' title='bbox 483 1174 619 1245; x_wconf 76' lang='lat' dir='ltr'><strong>Cetaria,</strong></span> <span class='ocrx_word' id='word_1_68' title='bbox 642 1173 843 1252; x_wconf 77' lang='lat' dir='ltr'><strong>Bacchumque</strong></span> <span class='ocrx_word' id='word_1_69' title='bbox 864 1176 1039 1235; x_wconf 83' lang='lat' dir='ltr'><strong>ministrant.</strong></span> 
     </span>
     <span class='ocr_line' id='line_1_12' title="bbox 218 1253 984 1333; baseline -0.004 -17"><span class='ocrx_word' id='word_1_70' title='bbox 218 1258 346 1316; x_wconf 83' lang='lat' dir='ltr'><strong>l&#39;escilur</strong></span> <span class='ocrx_word' id='word_1_71' title='bbox 368 1253 497 1324; x_wconf 71' lang='lat' dir='ltr'><strong>Enete,</strong></span> <span class='ocrx_word' id='word_1_72' title='bbox 522 1256 608 1315; x_wconf 84' lang='lat' dir='ltr'><strong>simul</strong></span> <span class='ocrx_word' id='word_1_73' title='bbox 629 1261 659 1314; x_wconf 85' lang='lat' dir='ltr'><strong>et</strong></span> <span class='ocrx_word' id='word_1_74' title='bbox 681 1253 804 1333; x_wconf 83' lang='lat' dir='ltr'><strong>l&#39;rojnna</strong></span> <span class='ocrx_word' id='word_1_75' title='bbox 822 1253 984 1332; x_wconf 82' lang='lat' dir='ltr'><strong>jttreutus,</strong></span> 
     </span>
     <span class='ocr_line' id='line_1_13' title="bbox 220 1333 929 1414; baseline 0 -21"><span class='ocrx_word' id='word_1_76' title='bbox 220 1335 351 1413; x_wconf 80' lang='lat' dir='ltr'><strong>Perpetui</strong></span> <span class='ocrx_word' id='word_1_77' title='bbox 370 1341 452 1414; x_wconf 85' lang='lat' dir='ltr'><strong>tergo</strong></span> <span class='ocrx_word' id='word_1_78' title='bbox 472 1336 553 1396; x_wconf 81' lang='lat' dir='ltr'><strong>horis</strong></span> <span class='ocrx_word' id='word_1_79' title='bbox 573 1341 587 1372; x_wconf 84' lang='lat'>⁸</span> <span class='ocrx_word' id='word_1_80' title='bbox 607 1340 636 1394; x_wconf 89' lang='lat' dir='ltr'><strong>et</strong></span> <span class='ocrx_word' id='word_1_81' title='bbox 657 1333 824 1396; x_wconf 86' lang='lat' dir='ltr'><strong>lustralibus</strong></span> <span class='ocrx_word' id='word_1_82' title='bbox 845 1336 929 1394; x_wconf 84' lang='lat' dir='ltr'><strong>extis.</strong></span> 
     </span>
     <span class='ocr_line' id='line_1_14' title="bbox 216 1416 1165 1494; baseline 0 -17"><span class='ocrx_word' id='word_1_83' title='bbox 216 1417 372 1494; x_wconf 85' lang='lat' dir='ltr'><strong>Postquam</strong></span> <span class='ocrx_word' id='word_1_84' title='bbox 391 1423 526 1491; x_wconf 81' lang='lat' dir='ltr'><strong>exempta</strong></span> <span class='ocrx_word' id='word_1_85' title='bbox 547 1416 660 1482; x_wconf 80' lang='lat' dir='ltr'><strong>lomes.</strong></span> <span class='ocrx_word' id='word_1_86' title='bbox 682 1425 713 1474; x_wconf 88' lang='lat' dir='ltr'><strong>et</strong></span> <span class='ocrx_word' id='word_1_87' title='bbox 734 1431 818 1474; x_wconf 90' lang='lat' dir='ltr'><strong>amor</strong></span> <span class='ocrx_word' id='word_1_88' title='bbox 839 1432 1021 1491; x_wconf 79' lang='lat' dir='ltr'><strong>compressus</strong></span> <span class='ocrx_word' id='word_1_89' title='bbox 1041 1417 1165 1490; x_wconf 86' lang='lat' dir='ltr'><strong>edendi,</strong></span> 
     </span>
     <span class='ocr_line' id='line_1_15' title="bbox 138 1493 990 1558; baseline 0 -2"><span class='ocrx_word' id='word_1_90' title='bbox 138 1497 194 1558; x_wconf 79' lang='lat'><strong>185</strong></span> <span class='ocrx_word' id='word_1_91' title='bbox 217 1497 277 1556; x_wconf 72' lang='lat' dir='ltr'><strong>lter</strong></span> <span class='ocrx_word' id='word_1_92' title='bbox 299 1496 449 1557; x_wconf 76' lang='lat' dir='ltr'><strong>Evandrus</strong></span> <span class='ocrx_word' id='word_1_93' title='bbox 468 1502 480 1532; x_wconf 80' lang='lat'><strong>³</strong></span> <span class='ocrx_word' id='word_1_94' title='bbox 500 1496 558 1556; x_wconf 89' lang='lat' dir='ltr'><strong>alt:</strong></span> <span class='ocrx_word' id='word_1_95' title='bbox 583 1513 638 1554; x_wconf 90' lang='lat' dir='ltr'><strong>non</strong></span> <span class='ocrx_word' id='word_1_96' title='bbox 660 1494 731 1555; x_wconf 85' lang='lat' dir='ltr'><strong>haee</strong></span> <span class='ocrx_word' id='word_1_97' title='bbox 750 1493 889 1555; x_wconf 89' lang='lat' dir='ltr'><strong>solemnia</strong></span> <span class='ocrx_word' id='word_1_98' title='bbox 909 1496 990 1556; x_wconf 87' lang='lat' dir='ltr'><strong>nobis</strong></span> 
     </span>
     <span class='ocr_line' id='line_1_16' title="bbox 215 1573 1031 1652; baseline -0.002 -15"><span class='ocrx_word' id='word_1_99' title='bbox 215 1577 275 1638; x_wconf 88' lang='lat' dir='ltr'><strong>llas</strong></span> <span class='ocrx_word' id='word_1_100' title='bbox 296 1593 332 1636; x_wconf 81' lang='lat' dir='ltr'><strong>ex</strong></span> <span class='ocrx_word' id='word_1_101' title='bbox 353 1593 433 1635; x_wconf 89' lang='lat' dir='ltr'><strong>moro</strong></span> <span class='ocrx_word' id='word_1_102' title='bbox 452 1574 543 1652; x_wconf 86' lang='lat' dir='ltr'><strong>dapes</strong></span> <span class='ocrx_word' id='word_1_103' title='bbox 560 1621 567 1642; x_wconf 84' lang='grc'>,</span> <span class='ocrx_word' id='word_1_104' title='bbox 591 1573 665 1634; x_wconf 90' lang='lat' dir='ltr'><strong>hano</strong></span> <span class='ocrx_word' id='word_1_105' title='bbox 687 1576 758 1634; x_wconf 89' lang='lat' dir='ltr'><strong>tanti</strong></span> <span class='ocrx_word' id='word_1_106' title='bbox 779 1576 905 1635; x_wconf 90' lang='lat' dir='ltr'><strong>numinis</strong></span> <span class='ocrx_word' id='word_1_107' title='bbox 925 1592 1031 1650; x_wconf 87' lang='lat' dir='ltr'><strong>aram,</strong></span> 
     </span>
     <span class='ocr_line' id='line_1_17' title="bbox 217 1653 983 1733; baseline -0.004 -16"><span class='ocrx_word' id='word_1_108' title='bbox 217 1659 292 1717; x_wconf 74' lang='lat' dir='ltr'><strong>lana</strong></span> <span class='ocrx_word' id='word_1_109' title='bbox 313 1655 478 1733; x_wconf 72' lang='lat' dir='ltr'><strong>superstitio</strong></span> <span class='ocrx_word' id='word_1_110' title='bbox 501 1659 690 1731; x_wconf 83' lang='lat' dir='ltr'><strong>satorumque</strong></span> <span class='ocrx_word' id='word_1_111' title='bbox 709 1653 807 1728; x_wconf 75' lang='lat' dir='ltr'><strong>ignara</strong></span> <span class='ocrx_word' id='word_1_112' title='bbox 828 1653 983 1714; x_wconf 76' lang='lat' dir='ltr'><strong>denrrrm⁴</strong></span> 
     </span>
     <span class='ocr_line' id='line_1_18' title="bbox 216 1733 946 1814; baseline -0.003 -17"><span class='ocrx_word' id='word_1_113' title='bbox 216 1736 373 1814; x_wconf 76' lang='lat' dir='ltr'><strong>imposuit:</strong></span> <span class='ocrx_word' id='word_1_114' title='bbox 386 1739 510 1807; x_wconf 71' lang='lat' dir='ltr'><strong>saeris,</strong></span> <span class='ocrx_word' id='word_1_115' title='bbox 533 1733 638 1809; x_wconf 88' lang='lat' dir='ltr'><strong>hospes</strong></span> <span class='ocrx_word' id='word_1_116' title='bbox 666 1733 810 1812; x_wconf 83' lang='lat' dir='ltr'><strong>Trojano,</strong></span> <span class='ocrx_word' id='word_1_117' title='bbox 833 1737 946 1813; x_wconf 85' lang='lat' dir='ltr'><strong>periclis</strong></span> 
     </span>
     <span class='ocr_line' id='line_1_19' title="bbox 217 1813 1080 1890; baseline -0.001 -13"><span class='ocrx_word' id='word_1_118' title='bbox 217 1818 327 1877; x_wconf 86' lang='lat' dir='ltr'><strong>Servati</strong></span> <span class='ocrx_word' id='word_1_119' title='bbox 349 1814 492 1883; x_wconf 81' lang='lat' dir='ltr'><strong>lneimus,</strong></span> <span class='ocrx_word' id='word_1_120' title='bbox 514 1815 688 1890; x_wconf 89' lang='lat' dir='ltr'><strong>meritosque</strong></span> <span class='ocrx_word' id='word_1_121' title='bbox 707 1830 848 1874; x_wconf 82' lang='lat' dir='ltr'><strong>novamus</strong></span> <span class='ocrx_word' id='word_1_122' title='bbox 869 1813 1004 1876; x_wconf 82' lang='lat' dir='ltr'><strong>huneres-</strong></span> <span class='ocrx_word' id='word_1_123' title='bbox 1076 1819 1080 1827; x_wconf 92' lang='lat'>&#39;</span> 
     </span>
     <span class='ocr_line' id='line_1_20' title="bbox 138 1893 1076 1973; baseline -0.007 -12"><span class='ocrx_word' id='word_1_124' title='bbox 138 1897 195 1961; x_wconf 77' lang='lat'><strong>190</strong></span> <span class='ocrx_word' id='word_1_125' title='bbox 213 1898 277 1957; x_wconf 85' lang='lat' dir='ltr'><strong>Jam</strong></span> <span class='ocrx_word' id='word_1_126' title='bbox 298 1897 424 1973; x_wconf 91' lang='lat' dir='ltr'><strong>primum</strong></span> <span class='ocrx_word' id='word_1_127' title='bbox 447 1897 528 1954; x_wconf 83' lang='lat' dir='ltr'><strong>saxis</strong></span> <span class='ocrx_word' id='word_1_128' title='bbox 547 1909 717 1971; x_wconf 82' lang='lat' dir='ltr'><strong>suspensam</strong></span> <span class='ocrx_word' id='word_1_129' title='bbox 739 1893 814 1953; x_wconf 85' lang='lat' dir='ltr'><strong>hono</strong></span> <span class='ocrx_word' id='word_1_130' title='bbox 833 1897 1076 1973; x_wconf 12' lang='lat' dir='ltr'><strong>aspioehrupem:</strong></span> 
     </span>
     <span class='ocr_line' id='line_1_21' title="bbox 221 1975 993 2054; baseline 0.001 -20"><span class='ocrx_word' id='word_1_131' title='bbox 221 1976 359 2054; x_wconf 83' lang='lat' dir='ltr'><strong>llisjeetaa</strong></span> <span class='ocrx_word' id='word_1_132' title='bbox 379 1975 479 2052; x_wconf 90' lang='lat' dir='ltr'><strong>prneul</strong></span> <span class='ocrx_word' id='word_1_133' title='bbox 502 1981 533 2033; x_wconf 92' lang='lat' dir='ltr'><strong>ut</strong></span> <span class='ocrx_word' id='word_1_134' title='bbox 556 1977 668 2039; x_wconf 85' lang='lat' dir='ltr'><strong>moles.</strong></span> <span class='ocrx_word' id='word_1_135' title='bbox 691 1975 865 2051; x_wconf 78' lang='lat' dir='ltr'><strong>desertaque</strong></span> <span class='ocrx_word' id='word_1_136' title='bbox 886 1979 993 2037; x_wconf 88' lang='lat' dir='ltr'><strong>montis</strong></span> 
     </span>
     <span class='ocr_line' id='line_1_22' title="bbox 216 2055 1052 2130; baseline 0.004 -16"><span class='ocrx_word' id='word_1_137' title='bbox 216 2055 279 2116; x_wconf 79' lang='lat' dir='ltr'><strong>Stet</strong></span> <span class='ocrx_word' id='word_1_138' title='bbox 298 2056 418 2125; x_wconf 83' lang='lat' dir='ltr'><strong>domus,</strong></span> <span class='ocrx_word' id='word_1_139' title='bbox 440 2062 470 2113; x_wconf 89' lang='lat' dir='ltr'><strong>et</strong></span> <span class='ocrx_word' id='word_1_140' title='bbox 490 2055 598 2130; x_wconf 87' lang='lat' dir='ltr'><strong>scopuli</strong></span> <span class='ocrx_word' id='word_1_141' title='bbox 621 2057 767 2127; x_wconf 79' lang='lat' dir='ltr'><strong>ingentem</strong></span> <span class='ocrx_word' id='word_1_142' title='bbox 790 2060 905 2115; x_wconf 81' lang='lat' dir='ltr'><strong>traxere</strong></span> <span class='ocrx_word' id='word_1_143' title='bbox 927 2059 1052 2117; x_wconf 85' lang='lat' dir='ltr'><strong>ruinam.</strong></span> 
     </span>
     <span class='ocr_line' id='line_1_23' title="bbox 217 2131 963 2218; baseline -0.007 -22"><span class='ocrx_word' id='word_1_144' title='bbox 217 2135 275 2197; x_wconf 83' lang='lat' dir='ltr'><strong>liic</strong></span> <span class='ocrx_word' id='word_1_145' title='bbox 296 2135 431 2214; x_wconf 87' lang='lat' dir='ltr'><strong>spelunea</strong></span> <span class='ocrx_word' id='word_1_146' title='bbox 453 2131 507 2194; x_wconf 86' lang='lat' dir='ltr'><strong>luit</strong></span> <span class='ocrx_word' id='word_1_147' title='bbox 526 2135 758 2218; x_wconf 75' lang='lat' dir='ltr'><strong>vastosubmota</strong></span> <span class='ocrx_word' id='word_1_148' title='bbox 780 2152 919 2210; x_wconf 86' lang='lat' dir='ltr'><strong>reeessu,</strong></span> <span class='ocrx_word' id='word_1_149' title='bbox 959 2184 963 2191; x_wconf 92' lang='lat'><em>.</em></span> 
     </span>
     <span class='ocr_line' id='line_1_24' title="bbox 215 2213 997 2298; baseline -0.001 -19"><span class='ocrx_word' id='word_1_150' title='bbox 215 2216 420 2279; x_wconf 84' lang='lat' dir='ltr'><strong>Semihominis</strong></span> <span class='ocrx_word' id='word_1_151' title='bbox 441 2215 507 2274; x_wconf 87' lang='lat' dir='ltr'><strong>Caei</strong></span> <span class='ocrx_word' id='word_1_152' title='bbox 528 2220 539 2251; x_wconf 82' lang='lat'>¹</span> <span class='ocrx_word' id='word_1_153' title='bbox 561 2213 756 2298; x_wconf 35' lang='lat' dir='ltr'><strong>laeies&#39;quam</strong></span> <span class='ocrx_word' id='word_1_154' title='bbox 777 2214 838 2274; x_wconf 91' lang='lat' dir='ltr'><strong>dira</strong></span> <span class='ocrx_word' id='word_1_155' title='bbox 860 2217 997 2291; x_wconf 84' lang='lat' dir='ltr'><strong>tenebat,</strong></span> 
     </span>
    </p>
   </div>
   <div class='ocr_carea' id='block_1_3' title="bbox 461 2352 893 2410">
    <p class='ocr_par' dir='ltr' id='par_1_3' title="bbox 461 2352 893 2410">
     <span class='ocr_line' id='line_1_25' title="bbox 461 2352 893 2410; baseline 0.002 -3"><span class='ocrx_word' id='word_1_156' title='bbox 461 2352 893 2410; x_wconf 72' lang='lat' dir='ltr'><strong>tuuuupuutsttu</strong></span> 
     </span>
    </p>
   </div>
   <div class='ocr_carea' id='block_1_4' title="bbox 56 2495 1297 2692">
    <p class='ocr_par' dir='ltr' id='par_1_4' title="bbox 56 2495 1297 2692">
     <span class='ocr_line' id='line_1_26' title="bbox 59 2495 1294 2573; baseline 0.003 -23"><span class='ocrx_word' id='word_1_157' title='bbox 59 2497 82 2550; x_wconf 88' lang='lat' dir='ltr'><strong>ci</strong></span> <span class='ocrx_word' id='word_1_158' title='bbox 99 2534 106 2560; x_wconf 94' lang='lat'>‚</span> <span class='ocrx_word' id='word_1_159' title='bbox 126 2495 241 2565; x_wconf 75' lang='lat' dir='ltr'><strong>perficito</strong></span> <span class='ocrx_word' id='word_1_160' title='bbox 259 2497 380 2551; x_wconf 84' lang='lat' dir='ltr'><strong>beneroli</strong></span> <span class='ocrx_word' id='word_1_161' title='bbox 404 2497 531 2553; x_wconf 86' lang='lat' dir='ltr'><strong>nobiseum</strong></span> <span class='ocrx_word' id='word_1_162' title='bbox 551 2496 614 2552; x_wconf 86' lang='lat' dir='ltr'><strong>haee</strong></span> <span class='ocrx_word' id='word_1_163' title='bbox 632 2515 716 2551; x_wconf 87' lang='lat' dir='ltr'><strong>nunus</strong></span> <span class='ocrx_word' id='word_1_164' title='bbox 733 2496 881 2562; x_wconf 80' lang='lat' dir='ltr'><strong>sacrificia,</strong></span> <span class='ocrx_word' id='word_1_165' title='bbox 901 2518 965 2573; x_wconf 88' lang='lat' dir='ltr'><strong>quae</strong></span> <span class='ocrx_word' id='word_1_166' title='bbox 983 2519 1032 2555; x_wconf 87' lang='lat' dir='ltr'><strong>uon</strong></span> <span class='ocrx_word' id='word_1_167' title='bbox 1049 2504 1106 2556; x_wconf 69' lang='lat' dir='ltr'><strong>lira-t</strong></span> <span class='ocrx_word' id='word_1_168' title='bbox 1124 2501 1228 2562; x_wconf 78' lang='lat' dir='ltr'><strong>diiierne</strong></span> <span class='ocrx_word' id='word_1_169' title='bbox 1238 2540 1249 2569; x_wconf 88' lang='lat'><em>,</em></span> <span class='ocrx_word' id='word_1_170' title='bbox 1267 2508 1294 2555; x_wconf 89' lang='lat' dir='ltr'><strong>et</strong></span> 
     </span>
     <span class='ocr_line' id='line_1_27' title="bbox 56 2567 1297 2692; baseline 0.007 -72"><span class='ocrx_word' id='word_1_171' title='bbox 56 2567 110 2639; x_wconf 81' lang='lat' dir='ltr'><strong>jam</strong></span> <span class='ocrx_word' id='word_1_172' title='bbox 131 2570 190 2622; x_wconf 88' lang='lat' dir='ltr'><strong>inde</strong></span> <span class='ocrx_word' id='word_1_173' title='bbox 206 2572 346 2625; x_wconf 75' lang='lat' dir='ltr'><strong>assuescite</strong></span> <span class='ocrx_word' id='word_1_174' title='bbox 364 2571 443 2641; x_wconf 84' lang='lat' dir='ltr'><strong>epulis</strong></span> <span class='ocrx_word' id='word_1_175' title='bbox 460 2574 595 2624; x_wconf 86' lang='lat' dir='ltr'><strong>sociorum.</strong></span> <span class='ocrx_word' id='word_1_176' title='bbox 617 2570 749 2692; x_wconf 50' lang='lat' dir='ltr'><strong>mim</strong></span> <span class='ocrx_word' id='word_1_177' title='bbox 768 2570 832 2623; x_wconf 81' lang='lat' dir='ltr'><strong>hoec</strong></span> <span class='ocrx_word' id='word_1_178' title='bbox 849 2571 915 2624; x_wconf 82' lang='lat' dir='ltr'><strong>dieto</strong></span> <span class='ocrx_word' id='word_1_179' title='bbox 924 2573 1041 2644; x_wconf 76' lang='lat' dir='ltr'><strong>suerunt</strong></span> <span class='ocrx_word' id='word_1_180' title='bbox 1059 2575 1166 2645; x_wconf 83' lang='lat' dir='ltr'><strong>imperet</strong></span> <span class='ocrx_word' id='word_1_181' title='bbox 1182 2574 1253 2628; x_wconf 74' lang='lat' dir='ltr'><strong>cibos</strong></span> <span class='ocrx_word' id='word_1_182' title='bbox 1269 2578 1297 2628; x_wconf 86' lang='lat' dir='ltr'><strong>et</strong></span> 
     </span>
    </p>
   </div>
   <div class='ocr_carea' id='block_1_5' title="bbox 55 2631 1295 3147">
    <p class='ocr_par' dir='ltr' id='par_1_5' title="bbox 55 2631 1295 3147">
     <span class='ocr_line' id='line_1_28' title="bbox 59 2631 1293 2713; baseline 0.005 -22"><span class='ocrx_word' id='word_1_183' title='bbox 59 2641 153 2712; x_wconf 87' lang='lat' dir='ltr'><strong>pocula</strong></span> <span class='ocrx_word' id='word_1_184' title='bbox 171 2640 294 2694; x_wconf 84' lang='lat' dir='ltr'><strong>subducta</strong></span> <span class='ocrx_word' id='word_1_185' title='bbox 311 2643 413 2711; x_wconf 81' lang='lat' dir='ltr'><strong>reterri,</strong></span> <span class='ocrx_word' id='word_1_186' title='bbox 425 2649 451 2695; x_wconf 88' lang='lat' dir='ltr'><strong>et</strong></span> <span class='ocrx_word' id='word_1_187' title='bbox 469 2644 520 2713; x_wconf 86' lang='lat' dir='ltr'><strong>ipse</strong></span> <span class='ocrx_word' id='word_1_188' title='bbox 538 2640 664 2694; x_wconf 82' lang='lat' dir='ltr'><strong>constituit</strong></span> <span class='ocrx_word' id='word_1_189' title='bbox 700 2641 795 2693; x_wconf 89' lang='lat' dir='ltr'><strong>omines</strong></span> <span class='ocrx_word' id='word_1_190' title='bbox 812 2641 837 2693; x_wconf 91' lang='lat' dir='ltr'><strong>in</strong></span> <span class='ocrx_word' id='word_1_191' title='bbox 858 2643 964 2696; x_wconf 87' lang='lat' dir='ltr'><strong>herbida</strong></span> <span class='ocrx_word' id='word_1_192' title='bbox 978 2644 1046 2696; x_wconf 82' lang='lat' dir='ltr'><strong>sede:</strong></span> <span class='ocrx_word' id='word_1_193' title='bbox 1060 2653 1085 2696; x_wconf 89' lang='lat' dir='ltr'><strong>et</strong></span> <span class='ocrx_word' id='word_1_194' title='bbox 1103 2631 1218 2698; x_wconf 73' lang='lat' dir='ltr'><strong>adurittit⁸</strong></span> <span class='ocrx_word' id='word_1_195' title='bbox 1242 2644 1293 2698; x_wconf 90' lang='lat' dir='ltr'><strong>rin·</strong></span> 
     </span>
     <span class='ocr_line' id='line_1_29' title="bbox 61 2663 1292 2786; baseline 0.004 -22"><span class='ocrx_word' id='word_1_196' title='bbox 61 2714 148 2781; x_wconf 81' lang='lat' dir='ltr'><strong>eipem</strong></span> <span class='ocrx_word' id='word_1_197' title='bbox 167 2710 276 2764; x_wconf 82' lang='lat' dir='ltr'><strong>AEnenm</strong></span> <span class='ocrx_word' id='word_1_198' title='bbox 296 2715 417 2768; x_wconf 87' lang='lat' dir='ltr'><strong>interum</strong></span> <span class='ocrx_word' id='word_1_199' title='bbox 435 2720 461 2765; x_wconf 91' lang='lat' dir='ltr'><strong>et</strong></span> <span class='ocrx_word' id='word_1_200' title='bbox 478 2714 566 2786; x_wconf 86' lang='lat' dir='ltr'><strong>pellens</strong></span> <span class='ocrx_word' id='word_1_201' title='bbox 584 2711 658 2764; x_wconf 83' lang='lat' dir='ltr'><strong>setosi</strong></span> <span class='ocrx_word' id='word_1_202' title='bbox 678 2711 754 2763; x_wconf 91' lang='lat' dir='ltr'><strong>leonis</strong></span> <span class='ocrx_word' id='word_1_203' title='bbox 770 2719 796 2762; x_wconf 85' lang='lat' dir='ltr'><strong>ot</strong></span> <span class='ocrx_word' id='word_1_204' title='bbox 808 2711 903 2765; x_wconf 86' lang='lat' dir='ltr'><strong>inducit</strong></span> <span class='ocrx_word' id='word_1_205' title='bbox 921 2714 949 2766; x_wconf 91' lang='lat' dir='ltr'><strong>in</strong></span> <span class='ocrx_word' id='word_1_206' title='bbox 969 2715 1058 2767; x_wconf 87' lang='lat' dir='ltr'><strong>solium</strong></span> <span class='ocrx_word' id='word_1_207' title='bbox 1077 2732 1205 2770; x_wconf 73' lang='lat' dir='ltr'><strong>eraeem.</strong></span> <span class='ocrx_word' id='word_1_208' title='bbox 1218 2663 1292 2769; x_wconf 58' lang='lat' dir='ltr'><strong>iuno</strong></span> 
     </span>
     <span class='ocr_line' id='line_1_30' title="bbox 55 2780 1292 2855; baseline 0.002 -20"><span class='ocrx_word' id='word_1_209' title='bbox 55 2783 164 2855; x_wconf 82' lang='lat' dir='ltr'><strong>juvenes</strong></span> <span class='ocrx_word' id='word_1_210' title='bbox 185 2783 259 2833; x_wconf 89' lang='lat' dir='ltr'><strong>eleeti</strong></span> <span class='ocrx_word' id='word_1_211' title='bbox 276 2790 301 2835; x_wconf 87' lang='lat' dir='ltr'><strong>et</strong></span> <span class='ocrx_word' id='word_1_212' title='bbox 318 2785 438 2837; x_wconf 82' lang='lat' dir='ltr'><strong>sacerdos</strong></span> <span class='ocrx_word' id='word_1_213' title='bbox 455 2801 516 2839; x_wconf 87' lang='lat' dir='ltr'><strong>orae</strong></span> <span class='ocrx_word' id='word_1_214' title='bbox 534 2780 647 2835; x_wconf 73' lang='lat' dir='ltr'><strong>ornatior</strong></span> <span class='ocrx_word' id='word_1_215' title='bbox 667 2787 767 2852; x_wconf 87' lang='lat' dir='ltr'><strong>portant</strong></span> <span class='ocrx_word' id='word_1_216' title='bbox 785 2784 883 2836; x_wconf 81' lang='lat' dir='ltr'><strong>viseera</strong></span> <span class='ocrx_word' id='word_1_217' title='bbox 909 2791 974 2837; x_wconf 83' lang='lat' dir='ltr'><strong>tosta</strong></span> <span class='ocrx_word' id='word_1_218' title='bbox 993 2792 1145 2852; x_wconf 81' lang='lat' dir='ltr'><strong>taurorum3</strong></span> <span class='ocrx_word' id='word_1_219' title='bbox 1173 2792 1200 2839; x_wconf 87' lang='lat' dir='ltr'><strong>et</strong></span> <span class='ocrx_word' id='word_1_220' title='bbox 1216 2800 1292 2838; x_wconf 75' lang='lat' dir='ltr'><strong>seu·</strong></span> 
     </span>
     <span class='ocr_line' id='line_1_31' title="bbox 63 2853 1291 2925; baseline 0.003 -19"><span class='ocrx_word' id='word_1_221' title='bbox 63 2853 163 2906; x_wconf 87' lang='lat' dir='ltr'><strong>mutant</strong></span> <span class='ocrx_word' id='word_1_222' title='bbox 193 2854 220 2905; x_wconf 92' lang='lat' dir='ltr'><strong>in</strong></span> <span class='ocrx_word' id='word_1_223' title='bbox 238 2854 345 2910; x_wconf 83' lang='lat' dir='ltr'><strong>esisthis</strong></span> <span class='ocrx_word' id='word_1_224' title='bbox 362 2871 468 2909; x_wconf 85' lang='lat' dir='ltr'><strong>munera</strong></span> <span class='ocrx_word' id='word_1_225' title='bbox 485 2853 591 2908; x_wconf 83' lang='lat' dir='ltr'><strong>oonireti</strong></span> <span class='ocrx_word' id='word_1_226' title='bbox 611 2857 700 2922; x_wconf 84' lang='lat' dir='ltr'><strong>ponis,</strong></span> <span class='ocrx_word' id='word_1_227' title='bbox 720 2860 745 2905; x_wconf 88' lang='lat' dir='ltr'><strong>et</strong></span> <span class='ocrx_word' id='word_1_228' title='bbox 764 2853 896 2924; x_wconf 79' lang='lat' dir='ltr'><strong>proterunt</strong></span> <span class='ocrx_word' id='word_1_229' title='bbox 915 2857 1011 2909; x_wconf 77' lang='lat' dir='ltr'><strong>vinum.</strong></span> <span class='ocrx_word' id='word_1_230' title='bbox 1032 2858 1147 2925; x_wconf 76' lang='lat' dir='ltr'><strong>AEners,</strong></span> <span class='ocrx_word' id='word_1_231' title='bbox 1169 2861 1194 2911; x_wconf 88' lang='lat' dir='ltr'><strong>et</strong></span> <span class='ocrx_word' id='word_1_232' title='bbox 1211 2855 1291 2911; x_wconf 89' lang='lat' dir='ltr'><strong>simul</strong></span> 
     </span>
     <span class='ocr_line' id='line_1_32' title="bbox 60 2924 1291 3000; baseline 0.002 -20"><span class='ocrx_word' id='word_1_233' title='bbox 60 2925 175 2996; x_wconf 80' lang='lat' dir='ltr'><strong>Trojano</strong></span> <span class='ocrx_word' id='word_1_234' title='bbox 190 2924 330 2996; x_wconf 77' lang='lat' dir='ltr'><strong>juventus,</strong></span> <span class='ocrx_word' id='word_1_235' title='bbox 350 2927 462 2980; x_wconf 89' lang='lat' dir='ltr'><strong>eomedit</strong></span> <span class='ocrx_word' id='word_1_236' title='bbox 478 2926 582 2979; x_wconf 90' lang='lat' dir='ltr'><strong>dorsum</strong></span> <span class='ocrx_word' id='word_1_237' title='bbox 600 2924 765 2995; x_wconf 80' lang='lat' dir='ltr'><strong>longi‘horis</strong></span> <span class='ocrx_word' id='word_1_238' title='bbox 782 2934 809 2979; x_wconf 92' lang='lat' dir='ltr'><strong>et</strong></span> <span class='ocrx_word' id='word_1_239' title='bbox 825 2929 921 2981; x_wconf 83' lang='lat' dir='ltr'><strong>risoera</strong></span> <span class='ocrx_word' id='word_1_240' title='bbox 932 2928 1084 3000; x_wconf 83' lang='lat' dir='ltr'><strong>piaouiorin.</strong></span> <span class='ocrx_word' id='word_1_241' title='bbox 1097 2929 1235 3000; x_wconf 85' lang='lat' dir='ltr'><strong>Postquam</strong></span> <span class='ocrx_word' id='word_1_242' title='bbox 1256 2927 1291 2982; x_wconf 82' lang='lat' dir='ltr'><strong>ia·</strong></span> 
     </span>
     <span class='ocr_line' id='line_1_33' title="bbox 60 2996 1294 3073; baseline 0.001 -19"><span class='ocrx_word' id='word_1_243' title='bbox 60 3015 118 3054; x_wconf 86' lang='lat' dir='ltr'><strong>mes</strong></span> <span class='ocrx_word' id='word_1_244' title='bbox 135 2997 220 3051; x_wconf 82' lang='lat' dir='ltr'><strong>ablata</strong></span> <span class='ocrx_word' id='word_1_245' title='bbox 239 2998 303 3061; x_wconf 84' lang='lat' dir='ltr'><strong>tuit,</strong></span> <span class='ocrx_word' id='word_1_246' title='bbox 322 3005 349 3052; x_wconf 92' lang='lat' dir='ltr'><strong>et</strong></span> <span class='ocrx_word' id='word_1_247' title='bbox 365 2998 458 3073; x_wconf 80' lang='lat' dir='ltr'><strong>cupido</strong></span> <span class='ocrx_word' id='word_1_248' title='bbox 475 2996 625 3052; x_wconf 80' lang='lat' dir='ltr'><strong>comedendi</strong></span> <span class='ocrx_word' id='word_1_249' title='bbox 641 2998 733 3050; x_wconf 83' lang='lat' dir='ltr'><strong>satiata</strong></span> <span class='ocrx_word' id='word_1_250' title='bbox 747 3015 753 3049; x_wconf 91' lang='lat'><strong>:</strong></span> <span class='ocrx_word' id='word_1_251' title='bbox 773 3014 818 3051; x_wconf 83' lang='lat' dir='ltr'><strong>rex</strong></span> <span class='ocrx_word' id='word_1_252' title='bbox 834 3000 959 3055; x_wconf 83' lang='lat' dir='ltr'><strong>Evander</strong></span> <span class='ocrx_word' id='word_1_253' title='bbox 970 3000 1054 3052; x_wconf 81' lang='lat' dir='ltr'><strong>dixit:</strong></span> <span class='ocrx_word' id='word_1_254' title='bbox 1076 3002 1131 3056; x_wconf 88' lang='lat' dir='ltr'><strong>Nou</strong></span> <span class='ocrx_word' id='word_1_255' title='bbox 1148 3001 1294 3072; x_wconf 83' lang='lat' dir='ltr'><strong>superstitio</strong></span> 
     </span>
     <span class='ocr_line' id='line_1_34' title="bbox 60 3067 1295 3147; baseline 0.009 -30"><span class='ocrx_word' id='word_1_256' title='bbox 60 3071 127 3127; x_wconf 62' lang='lat' dir='ltr'><strong>falsa</strong></span> <span class='ocrx_word' id='word_1_257' title='bbox 144 3078 170 3122; x_wconf 75' lang='lat' dir='ltr'><strong>et</strong></span> <span class='ocrx_word' id='word_1_258' title='bbox 186 3070 268 3124; x_wconf 74' lang='lat' dir='ltr'><strong>inscia</strong></span> <span class='ocrx_word' id='word_1_259' title='bbox 286 3069 392 3125; x_wconf 65' lang='lat' dir='ltr'><strong>deorum</strong></span> <span class='ocrx_word' id='word_1_260' title='bbox 410 3071 593 3142; x_wconf 67' lang='lat' dir='ltr'><strong>antiquorum,</strong></span> <span class='ocrx_word' id='word_1_261' title='bbox 613 3067 705 3122; x_wconf 78' lang='lat' dir='ltr'><strong>indixit</strong></span> <span class='ocrx_word' id='word_1_262' title='bbox 730 3068 803 3123; x_wconf 82' lang='lat' dir='ltr'><strong>nobis</strong></span> <span class='ocrx_word' id='word_1_263' title='bbox 831 3071 876 3124; x_wconf 74' lang='lat' dir='ltr'><strong>ilos</strong></span> <span class='ocrx_word' id='word_1_264' title='bbox 892 3075 1048 3126; x_wconf 76' lang='lat' dir='ltr'><strong>ceremonias</strong></span> <span class='ocrx_word' id='word_1_265' title='bbox 1059 3080 1076 3140; x_wconf 78' lang='lat'><strong>,¹</strong></span> <span class='ocrx_word' id='word_1_266' title='bbox 1098 3073 1142 3127; x_wconf 69' lang='lat' dir='ltr'><strong>itas</strong></span> <span class='ocrx_word' id='word_1_267' title='bbox 1159 3073 1247 3147; x_wconf 66' lang='lat' dir='ltr'><strong>epulti</strong></span> <span class='ocrx_word' id='word_1_268' title='bbox 1261 3090 1295 3128; x_wconf 66' lang='grc' dir='ltr'><strong>οἱ</strong></span> 
     </span>
    </p>
   </div>
   <div class='ocr_carea' id='block_1_6' title="bbox 60 3134 1406 3218">
    <p class='ocr_par' dir='ltr' id='par_1_6' title="bbox 60 3134 1406 3218">
     <span class='ocr_line' id='line_1_35' title="bbox 60 3134 1406 3218; baseline 0 -20"><span class='ocrx_word' id='word_1_269' title='bbox 60 3142 259 3208; x_wconf 69' lang='lat' dir='ltr'><strong>onemundus,</strong></span> <span class='ocrx_word' id='word_1_270' title='bbox 279 3143 342 3198; x_wconf 88' lang='lat' dir='ltr'><strong>haee</strong></span> <span class='ocrx_word' id='word_1_271' title='bbox 359 3143 451 3198; x_wconf 83' lang='lat' dir='ltr'><strong>altaria</strong></span> <span class='ocrx_word' id='word_1_272' title='bbox 465 3142 530 3195; x_wconf 86' lang='lat' dir='ltr'><strong>tanti</strong></span> <span class='ocrx_word' id='word_1_273' title='bbox 548 3143 611 3196; x_wconf 87' lang='lat' dir='ltr'><strong>dei:</strong></span> <span class='ocrx_word' id='word_1_274' title='bbox 630 3134 778 3214; x_wconf 61' lang='lat' dir='ltr'><strong>elequimur</strong></span> <span class='ocrx_word' id='word_1_275' title='bbox 797 3142 886 3209; x_wconf 89' lang='lat' dir='ltr'><strong>istud,</strong></span> <span class='ocrx_word' id='word_1_276' title='bbox 914 3144 1038 3214; x_wconf 83' lang='lat' dir='ltr'><strong>ohuspos</strong></span> <span class='ocrx_word' id='word_1_277' title='bbox 1055 3145 1190 3218; x_wconf 69' lang='lat' dir='ltr'><strong>Troiane,</strong></span> <span class='ocrx_word' id='word_1_278' title='bbox 1209 3146 1294 3217; x_wconf 84' lang='lat' dir='ltr'><strong>erepti</strong></span> <span class='ocrx_word' id='word_1_279' title='bbox 1401 3206 1406 3215; x_wconf 28' lang='grc' dir='ltr'>ι</span> 
     </span>
    </p>
   </div>
   <div class='ocr_carea' id='block_1_7' title="bbox 59 3213 1296 3506">
    <p class='ocr_par' dir='ltr' id='par_1_7' title="bbox 59 3213 1296 3506">
     <span class='ocr_line' id='line_1_36' title="bbox 60 3213 1296 3288; baseline 0.006 -21"><span class='ocrx_word' id='word_1_280' title='bbox 60 3234 76 3267; x_wconf 89' lang='lat' dir='ltr'><strong>e</strong></span> <span class='ocrx_word' id='word_1_281' title='bbox 95 3215 218 3285; x_wconf 76' lang='lat' dir='ltr'><strong>gravibus</strong></span> <span class='ocrx_word' id='word_1_282' title='bbox 236 3216 377 3284; x_wconf 65' lang='lat' dir='ltr'><strong>perieulisp</strong></span> <span class='ocrx_word' id='word_1_283' title='bbox 395 3221 420 3270; x_wconf 86' lang='lat' dir='ltr'><strong>et</strong></span> <span class='ocrx_word' id='word_1_284' title='bbox 437 3232 591 3268; x_wconf 82' lang='lat' dir='ltr'><strong>renovamus</strong></span> <span class='ocrx_word' id='word_1_285' title='bbox 609 3213 726 3267; x_wconf 88' lang='lat' dir='ltr'><strong>maritum</strong></span> <span class='ocrx_word' id='word_1_286' title='bbox 744 3214 849 3268; x_wconf 87' lang='lat' dir='ltr'><strong>cultum.</strong></span> <span class='ocrx_word' id='word_1_287' title='bbox 870 3214 1007 3270; x_wconf 82' lang='lat' dir='ltr'><strong>Considera</strong></span> <span class='ocrx_word' id='word_1_288' title='bbox 1033 3233 1103 3271; x_wconf 85' lang='lat' dir='ltr'><strong>nune</strong></span> <span class='ocrx_word' id='word_1_289' title='bbox 1123 3219 1205 3288; x_wconf 86' lang='lat' dir='ltr'><strong>primo</strong></span> <span class='ocrx_word' id='word_1_290' title='bbox 1227 3219 1296 3274; x_wconf 79' lang='lat' dir='ltr'><strong>hono</strong></span> 
     </span>
     <span class='ocr_line' id='line_1_37' title="bbox 60 3285 1296 3360; baseline 0.002 -20"><span class='ocrx_word' id='word_1_291' title='bbox 60 3303 151 3358; x_wconf 83' lang='lat' dir='ltr'><strong>rupem</strong></span> <span class='ocrx_word' id='word_1_292' title='bbox 170 3295 333 3342; x_wconf 86' lang='lat' dir='ltr'><strong>sustentatam</strong></span> <span class='ocrx_word' id='word_1_293' title='bbox 351 3285 651 3359; x_wconf 76' lang='lat' dir='ltr'><strong>sarisrquomsdmodum</strong></span> <span class='ocrx_word' id='word_1_294' title='bbox 670 3286 746 3341; x_wconf 86' lang='lat' dir='ltr'><strong>moles</strong></span> <span class='ocrx_word' id='word_1_295' title='bbox 764 3287 840 3359; x_wconf 72' lang='lat' dir='ltr'><strong>longe</strong></span> <span class='ocrx_word' id='word_1_296' title='bbox 856 3286 1034 3360; x_wconf 83' lang='lat' dir='ltr'><strong>disruptae,st</strong></span> <span class='ocrx_word' id='word_1_297' title='bbox 1055 3290 1141 3344; x_wconf 87' lang='lat' dir='ltr'><strong>domus</strong></span> <span class='ocrx_word' id='word_1_298' title='bbox 1158 3291 1186 3347; x_wconf 88' lang='lat' dir='ltr'><strong>sir</strong></span> <span class='ocrx_word' id='word_1_299' title='bbox 1208 3296 1296 3345; x_wconf 84' lang='lat' dir='ltr'><strong>ntonts</strong></span> 
     </span>
     <span class='ocr_line' id='line_1_38' title="bbox 59 3351 1295 3430; baseline 0.002 -17"><span class='ocrx_word' id='word_1_300' title='bbox 59 3366 110 3413; x_wconf 84' lang='lat' dir='ltr'><strong>stat</strong></span> <span class='ocrx_word' id='word_1_301' title='bbox 127 3376 229 3426; x_wconf 81' lang='lat' dir='ltr'><strong>rosus,</strong></span> <span class='ocrx_word' id='word_1_302' title='bbox 248 3366 274 3412; x_wconf 88' lang='lat' dir='ltr'><strong>et</strong></span> <span class='ocrx_word' id='word_1_303' title='bbox 290 3378 352 3415; x_wconf 78' lang='lat' dir='ltr'><strong>sans</strong></span> <span class='ocrx_word' id='word_1_304' title='bbox 368 3360 597 3415; x_wconf 72' lang='lat' dir='ltr'><strong>accumulaverunt</strong></span> <span class='ocrx_word' id='word_1_305' title='bbox 614 3351 734 3430; x_wconf 70' lang='lat' dir='ltr'><strong>magum</strong></span> <span class='ocrx_word' id='word_1_306' title='bbox 746 3359 858 3414; x_wconf 87' lang='lat' dir='ltr'><strong>ruinam.</strong></span> <span class='ocrx_word' id='word_1_307' title='bbox 872 3360 920 3414; x_wconf 88' lang='lat' dir='ltr'><strong>iiie</strong></span> <span class='ocrx_word' id='word_1_308' title='bbox 940 3360 988 3414; x_wconf 87' lang='lat' dir='ltr'><strong>luit</strong></span> <span class='ocrx_word' id='word_1_309' title='bbox 1002 3379 1111 3416; x_wconf 80' lang='lat' dir='ltr'><strong>caverna</strong></span> <span class='ocrx_word' id='word_1_310' title='bbox 1128 3362 1251 3417; x_wconf 86' lang='lat' dir='ltr'><strong>suhdnots</strong></span> <span class='ocrx_word' id='word_1_311' title='bbox 1265 3361 1295 3415; x_wconf 87' lang='lat' dir='ltr'><strong>sis</strong></span> 
     </span>
     <span class='ocr_line' id='line_1_39' title="bbox 62 3429 1292 3506; baseline 0.002 -23"><span class='ocrx_word' id='word_1_312' title='bbox 62 3431 172 3503; x_wconf 76' lang='lat' dir='ltr'><strong>longam</strong></span> <span class='ocrx_word' id='word_1_313' title='bbox 191 3432 409 3505; x_wconf 70' lang='lat' dir='ltr'><strong>profunditatem</strong></span> <span class='ocrx_word' id='word_1_314' title='bbox 424 3431 572 3506; x_wconf 54' lang='lat' dir='ltr'><strong>quamdin</strong></span> <span class='ocrx_word' id='word_1_315' title='bbox 587 3429 683 3502; x_wconf 82' lang='lat' dir='ltr'><strong>species</strong></span> <span class='ocrx_word' id='word_1_316' title='bbox 700 3430 760 3485; x_wconf 78' lang='lat' dir='ltr'><strong>Coei</strong></span> <span class='ocrx_word' id='word_1_317' title='bbox 775 3431 949 3486; x_wconf 83' lang='lat' dir='ltr'><strong>semihominis</strong></span> <span class='ocrx_word' id='word_1_318' title='bbox 966 3435 1114 3504; x_wconf 78' lang='lat' dir='ltr'><strong>occupabat,</strong></span> <span class='ocrx_word' id='word_1_319' title='bbox 1127 3435 1222 3488; x_wconf 81' lang='lat' dir='ltr'><strong>iuriam</strong></span> <span class='ocrx_word' id='word_1_320' title='bbox 1237 3433 1292 3488; x_wconf 90' lang='lat' dir='ltr'><strong>luei</strong></span> 
     </span>
    </p>
   </div>
   <div class='ocr_carea' id='block_1_8' title="bbox 63 3568 1378 4443">
    <p class='ocr_par' dir='ltr' id='par_1_8' title="bbox 63 3568 1378 4150">
     <span class='ocr_line' id='line_1_40' title="bbox 102 3568 1297 3650; baseline 0.002 -24"><span class='ocrx_word' id='word_1_321' title='bbox 102 3575 142 3649; x_wconf 77' lang='grc' dir='ltr'><strong>(ι)</strong></span> <span class='ocrx_word' id='word_1_322' title='bbox 158 3573 296 3633; x_wconf 84' lang='lat' dir='ltr'><strong>Sublata...</strong></span> <span class='ocrx_word' id='word_1_323' title='bbox 315 3578 435 3650; x_wconf 79' lang='lat' dir='ltr'><strong>pocula).</strong></span> <span class='ocrx_word' id='word_1_324' title='bbox 457 3577 527 3631; x_wconf 80' lang='lat' dir='ltr'><strong>hieto</strong></span> <span class='ocrx_word' id='word_1_325' title='bbox 555 3575 661 3630; x_wconf 80' lang='lat' dir='ltr'><strong>nonium</strong></span> <span class='ocrx_word' id='word_1_326' title='bbox 692 3568 1062 3644; x_wconf 64' lang='lat' dir='ltr'><strong>perpetrandorum</strong></span> <span class='ocrx_word' id='word_1_327' title='bbox 1080 3574 1215 3630; x_wconf 67' lang='lat' dir='ltr'><strong>lustratae·</strong></span> <span class='ocrx_word' id='word_1_328' title='bbox 1229 3590 1297 3647; x_wconf 78' lang='lat' dir='ltr'><strong>quas</strong></span> 
     </span>
     <span class='ocr_line' id='line_1_41' title="bbox 63 3644 1293 3720; baseline -0.002 -16"><span class='ocrx_word' id='word_1_329' title='bbox 63 3648 312 3704; x_wconf 63' lang='lat' dir='ltr'><strong>advenientium&amp;</strong></span> <span class='ocrx_word' id='word_1_330' title='bbox 324 3653 401 3720; x_wconf 62' lang='lat' dir='ltr'><strong>toris,</strong></span> <span class='ocrx_word' id='word_1_331' title='bbox 415 3651 516 3704; x_wconf 90' lang='lat' dir='ltr'><strong>herheis</strong></span> <span class='ocrx_word' id='word_1_332' title='bbox 530 3647 660 3714; x_wconf 81' lang='lat' dir='ltr'><strong>sedilibus,</strong></span> <span class='ocrx_word' id='word_1_333' title='bbox 697 3644 822 3714; x_wconf 74' lang='lat' dir='ltr'><strong>religioso</strong></span> <span class='ocrx_word' id='word_1_334' title='bbox 839 3667 960 3719; x_wconf 81' lang='lat' dir='ltr'><strong>comesa,</strong></span> <span class='ocrx_word' id='word_1_335' title='bbox 980 3651 1116 3713; x_wconf 76' lang='lat' dir='ltr'><strong>lustrare,</strong></span> <span class='ocrx_word' id='word_1_336' title='bbox 1136 3646 1161 3701; x_wconf 81' lang='lat' dir='ltr'><strong>id</strong></span> <span class='ocrx_word' id='word_1_337' title='bbox 1177 3651 1216 3700; x_wconf 87' lang='lat' dir='ltr'><strong>est</strong></span> <span class='ocrx_word' id='word_1_338' title='bbox 1233 3666 1293 3719; x_wconf 87' lang='lat' dir='ltr'><strong>pur·</strong></span> 
     </span>
     <span class='ocr_line' id='line_1_42' title="bbox 63 3715 1295 3791; baseline -0.001 -14"><span class='ocrx_word' id='word_1_339' title='bbox 63 3722 126 3777; x_wconf 81' lang='lat' dir='ltr'><strong>AEn.</strong></span> <span class='ocrx_word' id='word_1_340' title='bbox 148 3715 174 3771; x_wconf 77' lang='grc'><strong>3.</strong></span> <span class='ocrx_word' id='word_1_341' title='bbox 195 3723 259 3784; x_wconf 68' lang='lat' dir='ltr'><strong>aad.</strong></span> <span class='ocrx_word' id='word_1_342' title='bbox 278 3720 396 3791; x_wconf 73' lang='lat' dir='ltr'><strong>Acerris,</strong></span> <span class='ocrx_word' id='word_1_343' title='bbox 414 3741 447 3777; x_wconf 78' lang='lat' dir='ltr'><strong>ex</strong></span> <span class='ocrx_word' id='word_1_344' title='bbox 463 3740 539 3780; x_wconf 81' lang='lat' dir='ltr'><strong>acere</strong></span> <span class='ocrx_word' id='word_1_345' title='bbox 557 3720 658 3781; x_wconf 76' lang='lat' dir='ltr'><strong>arbore,</strong></span> <span class='ocrx_word' id='word_1_346' title='bbox 698 3733 764 3785; x_wconf 73' lang='lat' dir='ltr'><strong>gare</strong></span> <span class='ocrx_word' id='word_1_347' title='bbox 783 3721 945 3791; x_wconf 83' lang='lat' dir='ltr'><strong>putabantur,</strong></span> <span class='ocrx_word' id='word_1_348' title='bbox 965 3722 1025 3775; x_wconf 82' lang='lat' dir='ltr'><strong>AEu.</strong></span> <span class='ocrx_word' id='word_1_349' title='bbox 1040 3722 1065 3773; x_wconf 77' lang='lat'><strong>3.</strong></span> <span class='ocrx_word' id='word_1_350' title='bbox 1080 3733 1142 3788; x_wconf 75' lang='lat' dir='ltr'><strong>app.</strong></span> <span class='ocrx_word' id='word_1_351' title='bbox 1163 3718 1295 3786; x_wconf 76' lang='lat' dir='ltr'><strong>Decetia,</strong></span> 
     </span>
     <span class='ocr_line' id='line_1_43' title="bbox 63 3788 984 3855; baseline -0.004 -7"><span class='ocrx_word' id='word_1_352' title='bbox 63 3808 156 3848; x_wconf 69' lang='lat' dir='ltr'><strong>mero.</strong></span> <span class='ocrx_word' id='word_1_353' title='bbox 178 3793 215 3845; x_wconf 79' lang='lat' dir='ltr'><strong>ue</strong></span> <span class='ocrx_word' id='word_1_354' title='bbox 237 3810 308 3846; x_wconf 88' lang='lat' dir='ltr'><strong>moro</strong></span> <span class='ocrx_word' id='word_1_355' title='bbox 332 3795 448 3851; x_wconf 79' lang='lat' dir='ltr'><strong>sedendi</strong></span> <span class='ocrx_word' id='word_1_356' title='bbox 468 3797 500 3848; x_wconf 83' lang='lat' dir='ltr'><strong>od</strong></span> <span class='ocrx_word' id='word_1_357' title='bbox 525 3809 658 3855; x_wconf 63' lang='lat' dir='ltr'><strong>menum,</strong></span> <span class='ocrx_word' id='word_1_358' title='bbox 698 3788 759 3841; x_wconf 76' lang='lat' dir='ltr'><strong>AEn·</strong></span> <span class='ocrx_word' id='word_1_359' title='bbox 780 3793 807 3853; x_wconf 72' lang='lat' dir='ltr'><strong>t.</strong></span> <span class='ocrx_word' id='word_1_360' title='bbox 828 3795 874 3855; x_wconf 67' lang='lat' dir='ltr'><strong>st.</strong></span> <span class='ocrx_word' id='word_1_361' title='bbox 979 3827 984 3836; x_wconf 86' lang='lat'><strong>·</strong></span> 
     </span>
     <span class='ocr_line' id='line_1_44' title="bbox 65 3857 1296 3935; baseline -0.001 -20"><span class='ocrx_word' id='word_1_362' title='bbox 65 3865 129 3918; x_wconf 78' lang='lat' dir='ltr'><strong>AEn.</strong></span> <span class='ocrx_word' id='word_1_363' title='bbox 154 3883 178 3916; x_wconf 84' lang='lat' dir='ltr'><strong>s.</strong></span> <span class='ocrx_word' id='word_1_364' title='bbox 199 3881 260 3935; x_wconf 76' lang='lat' dir='ltr'><strong>poe.</strong></span> <span class='ocrx_word' id='word_1_365' title='bbox 280 3865 319 3918; x_wconf 87' lang='lat' dir='ltr'><strong>De</strong></span> <span class='ocrx_word' id='word_1_366' title='bbox 336 3868 408 3921; x_wconf 66' lang='lat' dir='ltr'><strong>nauh</strong></span> <span class='ocrx_word' id='word_1_367' title='bbox 432 3872 458 3921; x_wconf 80' lang='lat' dir='ltr'><strong>et</strong></span> <span class='ocrx_word' id='word_1_368' title='bbox 476 3866 556 3922; x_wconf 59' lang='lat' dir='ltr'><strong>elios}</strong></span> <span class='ocrx_word' id='word_1_369' title='bbox 574 3865 661 3920; x_wconf 75' lang='lat' dir='ltr'><strong>parni-</strong></span> <span class='ocrx_word' id='word_1_370' title='bbox 732 3861 772 3930; x_wconf 72' lang='lat' dir='ltr'><strong>(fl)</strong></span> <span class='ocrx_word' id='word_1_371' title='bbox 790 3863 942 3933; x_wconf 73' lang='lat' dir='ltr'><strong>Evandrus).</strong></span> <span class='ocrx_word' id='word_1_372' title='bbox 963 3861 1060 3917; x_wconf 78' lang='lat' dir='ltr'><strong>Graeca</strong></span> <span class='ocrx_word' id='word_1_373' title='bbox 1078 3857 1296 3932; x_wconf 62' lang='lat' dir='ltr'><strong>formosissimo,</strong></span> 
     </span>
     <span class='ocr_line' id='line_1_45' title="bbox 64 3931 939 4009; baseline -0.001 -19"><span class='ocrx_word' id='word_1_374' title='bbox 64 3937 125 4001; x_wconf 86' lang='lat' dir='ltr'><strong>hus,</strong></span> <span class='ocrx_word' id='word_1_375' title='bbox 144 3935 206 3990; x_wconf 76' lang='lat' dir='ltr'><strong>din.</strong></span> <span class='ocrx_word' id='word_1_376' title='bbox 220 3955 243 3988; x_wconf 89' lang='lat' dir='ltr'><strong>r.</strong></span> <span class='ocrx_word' id='word_1_377' title='bbox 264 3937 325 3991; x_wconf 74' lang='lat' dir='ltr'><strong>ari.</strong></span> <span class='ocrx_word' id='word_1_378' title='bbox 345 3938 383 3993; x_wconf 89' lang='lat' dir='ltr'><strong>De</strong></span> <span class='ocrx_word' id='word_1_379' title='bbox 404 3939 510 4005; x_wconf 86' lang='lat' dir='ltr'><strong>Cerere,</strong></span> <span class='ocrx_word' id='word_1_380' title='bbox 529 3956 575 4008; x_wconf 90' lang='lat' dir='ltr'><strong>pro</strong></span> <span class='ocrx_word' id='word_1_381' title='bbox 585 3954 664 4009; x_wconf 85' lang='lat' dir='ltr'><strong>pane,</strong></span> <span class='ocrx_word' id='word_1_382' title='bbox 698 3931 788 3986; x_wconf 74' lang='lat' dir='ltr'><strong>Latina</strong></span> <span class='ocrx_word' id='word_1_383' title='bbox 807 3937 939 3989; x_wconf 81' lang='lat' dir='ltr'><strong>Eruuder.</strong></span> 
     </span>
     <span class='ocr_line' id='line_1_46' title="bbox 64 4003 1378 4082; baseline -0.004 -20"><span class='ocrx_word' id='word_1_384' title='bbox 64 4008 130 4062; x_wconf 76' lang='lat' dir='ltr'><strong>AEn.</strong></span> <span class='ocrx_word' id='word_1_385' title='bbox 154 4008 310 4063; x_wconf 80' lang='lat' dir='ltr'><strong>r.181.Do</strong></span> <span class='ocrx_word' id='word_1_386' title='bbox 329 4007 661 4082; x_wconf 53' lang='lat' dir='ltr'><strong>Boeotuproviooffiot.</strong></span> <span class='ocrx_word' id='word_1_387' title='bbox 733 4005 772 4076; x_wconf 82' lang='lat' dir='ltr'><strong>(t)</strong></span> <span class='ocrx_word' id='word_1_388' title='bbox 790 4006 913 4062; x_wconf 85' lang='lat' dir='ltr'><strong>Veterum</strong></span> <span class='ocrx_word' id='word_1_389' title='bbox 932 4003 1234 4080; x_wconf 49' lang='lat' dir='ltr'><strong>masnadeornmhiton</strong></span> <span class='ocrx_word' id='word_1_390' title='bbox 1252 4020 1296 4058; x_wconf 86' lang='lat' dir='ltr'><strong>oo·</strong></span> <span class='ocrx_word' id='word_1_391' title='bbox 1375 4014 1378 4023; x_wconf 85' lang='lat'>&#39;</span> 
     </span>
     <span class='ocr_line' id='line_1_47' title="bbox 67 4075 1297 4150; baseline -0.003 -16"><span class='ocrx_word' id='word_1_392' title='bbox 67 4081 93 4136; x_wconf 76' lang='lat'><strong>5.</strong></span> <span class='ocrx_word' id='word_1_393' title='bbox 114 4080 159 4150; x_wconf 73' lang='lat' dir='ltr'><strong>op.</strong></span> <span class='ocrx_word' id='word_1_394' title='bbox 243 4138 245 4143; x_wconf 89' lang='lat'><em>.</em></span> <span class='ocrx_word' id='word_1_395' title='bbox 513 4110 540 4129; x_wconf 83' lang='lat'><strong>.·</strong></span> <span class='ocrx_word' id='word_1_396' title='bbox 698 4075 775 4130; x_wconf 90' lang='lat' dir='ltr'><strong>limus</strong></span> <span class='ocrx_word' id='word_1_397' title='bbox 793 4079 937 4143; x_wconf 81' lang='lat' dir='ltr'><strong>iterantem,</strong></span> <span class='ocrx_word' id='word_1_398' title='bbox 951 4078 1120 4145; x_wconf 81' lang='lat' dir='ltr'><strong>recentiorem</strong></span> <span class='ocrx_word' id='word_1_399' title='bbox 1137 4075 1297 4142; x_wconf 68' lang='lat' dir='ltr'><strong>deomena·</strong></span> 
     </span>
    </p>

    <p class='ocr_par' dir='ltr' id='par_1_9' title="bbox 67 4147 1298 4443">
     <span class='ocr_line' id='line_1_48' title="bbox 103 4147 1297 4225; baseline -0.003 -20"><span class='ocrx_word' id='word_1_400' title='bbox 103 4152 144 4224; x_wconf 87' lang='lat' dir='ltr'><strong>(a)</strong></span> <span class='ocrx_word' id='word_1_401' title='bbox 161 4151 281 4222; x_wconf 87' lang='lat' dir='ltr'><strong>Perpetui</strong></span> <span class='ocrx_word' id='word_1_402' title='bbox 300 4159 339 4205; x_wconf 87' lang='lat' dir='ltr'><strong>ter</strong></span> <span class='ocrx_word' id='word_1_403' title='bbox 391 4151 471 4221; x_wconf 82' lang='lat' dir='ltr'><strong>bovis,</strong></span> <span class='ocrx_word' id='word_1_404' title='bbox 490 4152 560 4225; x_wconf 84' lang='lat' dir='ltr'><strong>ete..)</strong></span> <span class='ocrx_word' id='word_1_405' title='bbox 581 4154 661 4207; x_wconf 86' lang='lat' dir='ltr'><strong>Boves</strong></span> <span class='ocrx_word' id='word_1_406' title='bbox 697 4150 794 4219; x_wconf 89' lang='lat' dir='ltr'><strong>templu</strong></span> <span class='ocrx_word' id='word_1_407' title='bbox 813 4151 980 4221; x_wconf 82' lang='lat' dir='ltr'><strong>antiquiorum</strong></span> <span class='ocrx_word' id='word_1_408' title='bbox 997 4148 1157 4221; x_wconf 77' lang='lat' dir='ltr'><strong>elusionum</strong></span> <span class='ocrx_word' id='word_1_409' title='bbox 1178 4147 1297 4215; x_wconf 85' lang='lat' dir='ltr'><strong>deorum,</strong></span> 
     </span>
     <span class='ocr_line' id='line_1_49' title="bbox 67 4221 1135 4297; baseline -0.003 -19"><span class='ocrx_word' id='word_1_410' title='bbox 67 4232 167 4278; x_wconf 87' lang='lat' dir='ltr'><strong>eonstnt</strong></span> <span class='ocrx_word' id='word_1_411' title='bbox 187 4224 300 4296; x_wconf 76' lang='lat' dir='ltr'><strong>integros</strong></span> <span class='ocrx_word' id='word_1_412' title='bbox 368 4225 456 4297; x_wconf 74' lang='lat' dir='ltr'><strong>iguem</strong></span> <span class='ocrx_word' id='word_1_413' title='bbox 472 4233 497 4279; x_wconf 88' lang='lat' dir='ltr'><strong>et</strong></span> <span class='ocrx_word' id='word_1_414' title='bbox 514 4225 603 4297; x_wconf 86' lang='lat' dir='ltr'><strong>epulas</strong></span> <span class='ocrx_word' id='word_1_415' title='bbox 620 4243 663 4294; x_wconf 85' lang='lat' dir='ltr'><strong>op·</strong></span> <span class='ocrx_word' id='word_1_416' title='bbox 697 4223 782 4293; x_wconf 79' lang='lat' dir='ltr'><strong>quales</strong></span> <span class='ocrx_word' id='word_1_417' title='bbox 799 4221 919 4292; x_wconf 87' lang='lat' dir='ltr'><strong>Jupiter,</strong></span> <span class='ocrx_word' id='word_1_418' title='bbox 939 4221 1052 4292; x_wconf 80' lang='lat' dir='ltr'><strong>Apollo,</strong></span> <span class='ocrx_word' id='word_1_419' title='bbox 1071 4230 1135 4276; x_wconf 85' lang='lat' dir='ltr'><strong>ote·</strong></span> 
     </span>
     <span class='ocr_line' id='line_1_50' title="bbox 67 4290 1298 4372; baseline -0.002 -23"><span class='ocrx_word' id='word_1_420' title='bbox 67 4299 128 4367; x_wconf 90' lang='lat' dir='ltr'><strong>poni</strong></span> <span class='ocrx_word' id='word_1_421' title='bbox 147 4297 232 4349; x_wconf 79' lang='lat' dir='ltr'><strong>soldos</strong></span> <span class='ocrx_word' id='word_1_422' title='bbox 248 4297 314 4367; x_wconf 85' lang='lat' dir='ltr'><strong>apud</strong></span> <span class='ocrx_word' id='word_1_423' title='bbox 325 4304 434 4351; x_wconf 71' lang='lat' dir='ltr'><strong>reterens</strong></span> <span class='ocrx_word' id='word_1_424' title='bbox 446 4305 472 4351; x_wconf 91' lang='lat' dir='ltr'><strong>et</strong></span> <span class='ocrx_word' id='word_1_425' title='bbox 489 4298 555 4372; x_wconf 87' lang='lat' dir='ltr'><strong>apud</strong></span> <span class='ocrx_word' id='word_1_426' title='bbox 576 4299 665 4352; x_wconf 79' lang='lat' dir='ltr'><strong>horne-</strong></span> <span class='ocrx_word' id='word_1_427' title='bbox 736 4294 776 4364; x_wconf 79' lang='lat'><strong>(5)</strong></span> <span class='ocrx_word' id='word_1_428' title='bbox 793 4294 973 4347; x_wconf 79' lang='lat' dir='ltr'><strong>semihominis</strong></span> <span class='ocrx_word' id='word_1_429' title='bbox 990 4292 1071 4361; x_wconf 80' lang='lat' dir='ltr'><strong>Coei,</strong></span> <span class='ocrx_word' id='word_1_430' title='bbox 1092 4299 1149 4357; x_wconf 77' lang='lat' dir='ltr'><strong>ste.</strong></span> <span class='ocrx_word' id='word_1_431' title='bbox 1163 4291 1182 4365; x_wconf 89' lang='grc'>)</span> <span class='ocrx_word' id='word_1_432' title='bbox 1210 4290 1298 4365; x_wconf 70' lang='lat' dir='ltr'><strong>idulio</strong></span> 
     </span>
     <span class='ocr_line' id='line_1_51' title="bbox 67 4363 1295 4443; baseline -0.002 -22"><span class='ocrx_word' id='word_1_433' title='bbox 67 4387 124 4422; x_wconf 88' lang='lat' dir='ltr'><strong>rum</strong></span> <span class='ocrx_word' id='word_1_434' title='bbox 143 4370 260 4440; x_wconf 83' lang='lat' dir='ltr'><strong>aliosque</strong></span> <span class='ocrx_word' id='word_1_435' title='bbox 268 4368 358 4441; x_wconf 88' lang='lat' dir='ltr'><strong>apponi</strong></span> <span class='ocrx_word' id='word_1_436' title='bbox 370 4369 503 4443; x_wconf 83' lang='lat' dir='ltr'><strong>praecipue</strong></span> <span class='ocrx_word' id='word_1_437' title='bbox 523 4372 588 4426; x_wconf 86' lang='lat' dir='ltr'><strong>viris</strong></span> <span class='ocrx_word' id='word_1_438' title='bbox 599 4368 666 4440; x_wconf 87' lang='lat' dir='ltr'><strong>prin·</strong></span> <span class='ocrx_word' id='word_1_439' title='bbox 702 4374 774 4437; x_wconf 85' lang='lat' dir='ltr'><strong>porte</strong></span> <span class='ocrx_word' id='word_1_440' title='bbox 793 4365 866 4431; x_wconf 79' lang='lat' dir='ltr'><strong>hro,</strong></span> <span class='ocrx_word' id='word_1_441' title='bbox 886 4366 970 4419; x_wconf 88' lang='lat' dir='ltr'><strong>media</strong></span> <span class='ocrx_word' id='word_1_442' title='bbox 986 4365 1061 4419; x_wconf 89' lang='lat' dir='ltr'><strong>homo</strong></span> <span class='ocrx_word' id='word_1_443' title='bbox 1071 4408 1075 4425; x_wconf 84' lang='grc'><em>,</em></span> <span class='ocrx_word' id='word_1_444' title='bbox 1085 4364 1163 4421; x_wconf 78' lang='lat' dir='ltr'><strong>luisse</strong></span> <span class='ocrx_word' id='word_1_445' title='bbox 1179 4363 1295 4420; x_wconf 69' lang='lat' dir='ltr'><strong>dicituro</strong></span> 
     </span>
    </p>
   </div>
   <div class='ocr_carea' id='block_1_9' title="bbox 70 4436 1413 4513">
    <p class='ocr_par' dir='ltr' id='par_1_10' title="bbox 70 4436 1413 4513">
     <span class='ocr_line' id='line_1_52' title="bbox 70 4436 1413 4513; baseline -0.001 -23"><span class='ocrx_word' id='word_1_446' title='bbox 70 4441 171 4510; x_wconf 80' lang='lat' dir='ltr'><strong>cipibus</strong></span> <span class='ocrx_word' id='word_1_447' title='bbox 189 4445 295 4496; x_wconf 76' lang='lat' dir='ltr'><strong>dorsum</strong></span> <span class='ocrx_word' id='word_1_448' title='bbox 307 4482 316 4508; x_wconf 93' lang='lat'><strong><em>,</em></strong></span> <span class='ocrx_word' id='word_1_449' title='bbox 334 4441 446 4513; x_wconf 87' lang='lat' dir='ltr'><strong>illudque</strong></span> <span class='ocrx_word' id='word_1_450' title='bbox 463 4442 586 4507; x_wconf 63' lang='lat' dir='ltr'><strong>limosos,</strong></span> <span class='ocrx_word' id='word_1_451' title='bbox 615 4441 669 4494; x_wconf 86' lang='lat' dir='ltr'><strong>loss·</strong></span> <span class='ocrx_word' id='word_1_452' title='bbox 703 4438 767 4492; x_wconf 89' lang='lat' dir='ltr'><strong>nihil</strong></span> <span class='ocrx_word' id='word_1_453' title='bbox 786 4443 869 4491; x_wconf 89' lang='lat' dir='ltr'><strong>tomen</strong></span> <span class='ocrx_word' id='word_1_454' title='bbox 887 4436 1023 4508; x_wconf 71' lang='lat' dir='ltr'><strong>cirurgis</strong></span> <span class='ocrx_word' id='word_1_455' title='bbox 1040 4437 1168 4513; x_wconf 74' lang='lat' dir='ltr'><strong>Virgilius</strong></span> <span class='ocrx_word' id='word_1_456' title='bbox 1184 4437 1295 4502; x_wconf 79' lang='lat' dir='ltr'><strong>exiere,</strong></span> <span class='ocrx_word' id='word_1_457' title='bbox 1406 4491 1413 4504; x_wconf 60' lang='grc'>,</span> 
     </span>
    </p>
   </div>
   <div class='ocr_carea' id='block_1_10' title="bbox 66 4508 1296 4588">
    <p class='ocr_par' dir='ltr' id='par_1_11' title="bbox 66 4508 1296 4588">
     <span class='ocr_line' id='line_1_53' title="bbox 66 4508 1296 4588; baseline -0.008 -15"><span class='ocrx_word' id='word_1_458' title='bbox 66 4528 140 4586; x_wconf 68' lang='lat' dir='ltr'><strong>pras,</strong></span> <span class='ocrx_word' id='word_1_459' title='bbox 159 4515 311 4572; x_wconf 76' lang='lat' dir='ltr'><strong>eootuissm</strong></span> <span class='ocrx_word' id='word_1_460' title='bbox 320 4553 330 4584; x_wconf 88' lang='lat'><em>,</em></span> <span class='ocrx_word' id='word_1_461' title='bbox 347 4524 525 4588; x_wconf 79' lang='lat' dir='ltr'><strong>porrectum:</strong></span> <span class='ocrx_word' id='word_1_462' title='bbox 544 4512 609 4584; x_wconf 86' lang='lat' dir='ltr'><strong>quod</strong></span> <span class='ocrx_word' id='word_1_463' title='bbox 627 4511 669 4567; x_wconf 89' lang='lat' dir='ltr'><strong>hio</strong></span> <span class='ocrx_word' id='word_1_464' title='bbox 704 4516 807 4585; x_wconf 84' lang='lat' dir='ltr'><strong>praeter</strong></span> <span class='ocrx_word' id='word_1_465' title='bbox 825 4508 943 4567; x_wconf 84' lang='lat' dir='ltr'><strong>villosum</strong></span> <span class='ocrx_word' id='word_1_466' title='bbox 961 4516 1069 4583; x_wconf 71' lang='lat' dir='ltr'><strong>postu,</strong></span> <span class='ocrx_word' id='word_1_467' title='bbox 1087 4512 1167 4579; x_wconf 84' lang='lat' dir='ltr'><strong>inira,</strong></span> <span class='ocrx_word' id='word_1_468' title='bbox 1186 4530 1212 4566; x_wconf 88' lang='lat' dir='ltr'><strong>r.</strong></span> <span class='ocrx_word' id='word_1_469' title='bbox 1234 4511 1296 4564; x_wconf 79' lang='lat' dir='ltr'><strong>att.</strong></span> 
     </span>
    </p>
   </div>
   <div class='ocr_carea' id='block_1_11' title="bbox 0 0 1448 5234">
    <p class='ocr_par' dir='ltr' id='par_1_12' title="bbox 0 0 1448 5234">
     <span class='ocr_line' id='line_1_54' title="bbox 0 0 1448 5234; baseline 0 0"><span class='ocrx_word' id='word_1_470' title='bbox 0 0 1448 5234; x_wconf 95' lang='lat' dir='ltr'><strong> </strong></span> 
     </span>
    </p>
   </div>
  </div>
 </body>
</html>
