2866 5234
245 311 304 373 illd
618 315 650 375 P.
675 313 834 379 vinctus
857 314 1031 380 uenditis

277 476 279 483 .
404 421 443 480 dt
464 425 544 497 peter
563 420 704 482 Anchises
727 423 840 498 penitus
859 420 989 482 convalle
1009 423 1113 483 virenti

287 497 346 558 080
367 500 494 562 Inclusas
515 500 648 570 animas.
672 518 869 579 superumque
888 501 926 562 ad
947 505 1044 564 lumen
1065 503 1180 579 duras.

370 581 522 644 luuubar
541 581 636 642 studio
657 582 814 641 recolens:
837 586 1012 657 umdemque
1030 598 1149 641 suorum
1233 583 1237 591 '

366 659 453 722 Forte
475 660 645 724 recensebat
664 678 817 721 numerum
836 706 844 729 ,
866 676 1006 737 carosque
1028 667 1169 739 nepotes,

366 740 516 821 Fataque,
537 743 727 817 fortunasque
747 742 866 813 rirdm',
888 757 1067 819 moresque.
1090 740 1250 821 manusque

370 823 454 899 leque
476 824 523 882 irbi
544 821 704 882 tendentem
725 821 879 880 adversum
900 840 953 899 per
972 822 1103 896 gramina
1124 821 1195 881 uidit
1229 842 1252 903 ,¹

288 902 345 962 685
366 903 499 971 AEnean,
521 903 626 962 alacris
646 903 756 978 palmas
777 906 915 978 utrasque
936 901 1072 961 tetendit:

368 983 539 1059 Eliusaeque
559 982 637 1055 qeuls
658 980 828 1058 lacrymae.
850 990 879 1041 et
899 1000 954 1042 rox
973 982 1080 1042 excidit
1098 998 1173 1044 ore:
1221 1012 1228 1023 ·

370 1065 480 1123 Venisti
501 1065 635 1126 tandem,
652 1070 761 1139 'tuaque
781 1068 946 1141 exspectate
967 1069 977 1097 ¹
998 1064 1112 1139 parenti

368 1145 443 1204 Vicit
463 1146 518 1205 iter
537 1143 644 1202 durum
666 1143 771 1218 pietas!
794 1143 879 1202 detur
899 1159 950 1201 ora
970 1145 1069 1208 tueri.

366 1223 455 1291 Nate.
478 1234 549 1289 lua.
572 1229 603 1281 et
622 1227 705 1281 notes
724 1222 824 1282 audire
844 1229 875 1283 et
896 1221 1017 1282 reddere
1038 1225 1144 1281 roem!

291 1306 350 1365 iilltl
373 1304 419 1363 Sic
432 1306 563 1381 equidem
577 1301 719 1362 ducebam
733 1305 829 1362 animo
843 1302 984 1380 rebarque
999 1302 1129 1362 loturum
1146 1352 1154 1376 ‚

371 1386 513 1463 'l'etnpors
529 1383 712 1442 dinumerans
730 1403 737 1441 :
752 1397 804 1440 nec
818 1388 865 1441 nie
879 1400 943 1442 mea
956 1399 1026 1443 cura
1041 1380 1149 1444 lelellit.

369 1462 448 1537 Quas
462 1483 515 1543 ego
529 1472 559 1525 at
573 1475 665 1522 terras
679 1468 708 1521 et
721 1465 828 1540 quanta
842 1479 895 1538 per
909 1468 1036 1538 aequora
1052 1470 1187 1536 rectum,

368 1544 504 1625 Accipio!
520 1545 633 1623 quantis
644 1542 783 1620 jactatum
796 1584 804 1608 ‚
821 1547 887 1602 nate
900 1588 907 1608 .
923 1544 1036 1623 periclis
1049 1545 1056 1602 l

369 1624 465 1698 Quam
479 1629 567 1685 metui
581 1669 590 1695 ‚
605 1625 719 1699 nequid
735 1623 841 1700 Libyae
855 1628 868 1658 ¹
883 1623 932 1682 tibi
946 1641 1034 1699 regna
1048 1624 1205 1685 nocerent!

292 1704 351 1766 095
372 1707 424 1768 llle
438 1715 537 1767 autern
551 1727 558 1764 ε
575 1712 625 1764 tun
639 1721 686 1763 me
699 1744 707 1767 .
722 1706 855 1779 genitor,
873 1709 921 1762 tus
936 1704 1025 1765 tristis
1040 1705 1133 1782 imugo

368 1783 487 1866 Saepius
499 1800 655 1846 occurrens
669 1782 740 1843 baec
754 1783 850 1843 limina
867 1785 984 1844 tendere
998 1785 1105 1860 adegit.
1217 1820 1222 1833 ·

375 1867 459 1929 Stant
472 1864 533 1927 sele
548 1863 700 1942 Tyrrheno
713 1864 830 1925 classes.
845 1865 888 1924 lla
900 1862 1024 1942 jungere
1038 1866 1169 1928 dextram
1183 1911 1191 1938 ,

372 1946 415 2006 De
429 1993 436 2017 ‚
452 1946 582 2022 genitor:
599 1951 685 2020 teque
699 1946 834 2011 amplexu
849 1963 884 2003 ne
897 1945 1034 2006 subtrahe
1049 1955 1162 2009 nostro.

371 2027 420 2086 Sic
436 2042 600 2084 memorius
617 2069 623 2092 ,
641 2025 722 2100 largo
743 2025 811 2085 fletu
826 2024 912 2083 simul
928 2043 978 2084 ora
992 2025 1116 2102 rigabat.

291 2108 352 2168 700
372 2106 431 2165 Ter
445 2111 564 2162 conatus
581 2105 618 2163 ibi
632 2106 707 2163 collo
720 2104 791 2164 dare
806 2104 922 2165 brachia
937 2108 1047 2166 circum
1062 2125 1070 2162 :

325 2256 328 2261 Ι
368 2184 427 2245 Ter
441 2183 549 2243 trustra
563 2200 730 2258 comprensa
744 2203 845 2243 manus
857 2183 956 2257 elingit
970 2190 1065 2262 imago
1080 2235 1088 2256 ,

369 2267 424 2325 Per
440 2264 550 2323 levibus
562 2266 666 2330 ventis,
682 2265 850 2340 volucrique
860 2263 1012 2328 simillima
1025 2284 1138 2333 somno.
1231 2283 1235 2291 ·

375 2347 486 2405 inlares
501 2342 579 2402 ridet
595 2340 701 2402 AEness
716 2345 744 2402 in
761 2343 835 2402 salle
847 2345 961 2404 reducta

370 2424 523 2486 Seclusurn
539 2439 641 2483 nemus
656 2467 664 2492 ,
679 2422 845 2499 etrirgultu
862 2426 1097 2497 serenitudinis:

290 2508 351 2570 705
374 2505 594 2578 Lernaeuuquc
608 2547 615 2572 ‚
631 2502 732 2564 domos
747 2503 873 2581 placidas
889 2508 938 2582 qui
952 2516 1115 2585 praenotat,
1131 2526 1241 2573 amnem

630 2664 1054 2735 iuruneuurlrro,

209 2828 350 2868 nmserms:
369 2811 462 2866 deinde
480 2809 638 2866 descendunt
664 2828 697 2863 ex
715 2811 769 2863 ulto
786 2810 890 2866 vertice.
912 2812 988 2866 Pater
1011 2820 1095 2867 sutem
1114 2814 1239 2869 Anchises

210 2885 280 2937 nulle
298 2884 378 2937 viridi
395 2885 506 2939 circumc
523 2882 617 2936 ieiebsl
633 2883 733 2936 animes
750 2890 880 2953 separatas
898 2891 924 2937 et
942 2902 1089 2939 reversuras
1113 2886 1139 2937 in
1156 2885 1239 2939 luceru

205 2956 374 3009 'considerans
392 2974 439 3010 ecs
456 2903 590 3009 slusiiose:
611 2961 637 3006 et
655 2955 722 3007 sorte
741 2954 937 3026 recognoscebat
955 2975 1053 3009 onrrrcsn
1074 2956 1238 3010 multitudine

207 3028 314 3080 dilectus
331 3033 447 3097 posterus
457 3067 466 3093 ,
485 3034 512 3078 et
528 3026 602 3093 ists,
622 3033 648 3079 et
665 3027 778 3080 fortunus
804 3035 831 3080 et
848 3045 953 3094 mores,
970 3037 997 3080 et
1014 3028 1080 3083 lucta
1107 3027 1237 3082 bominum

208 3100 311 3171 quando
329 3098 375 3151 ille
392 3096 456 3150 vidit
473 3100 585 3153 AEnesru
603 3115 636 3149 ex
654 3100 761 3151 adverso
781 3098 926 3153 venientem
944 3119 990 3170 per
1001 3101 1110 3168 herlu,
1130 3101 1212 3154 luetur
1229 3119 1237 3172 1

125 3198 134 3219 s
207 3186 317 3237 nisum,
336 3177 363 3224 et
379 3168 509 3241 lacrymae
527 3169 656 3223 lluxerunt
674 3188 720 3239 per
737 3189 841 3241 genas,
858 3181 883 3224 et
902 3190 950 3225 rus
970 3172 1033 3224 exiit
1052 3191 1087 3227 ec
1105 3190 1170 3225 ore:
1191 3172 1236 3226 Ver

207 3248 234 3295 et
250 3248 294 3295 tua
311 3243 395 3313 pietus
411 3246 482 3294 certa
498 3242 567 3312 putri
584 3243 715 3312 superarit
732 3242 781 3297 iter
798 3242 912 3297 diffieilel
930 3262 946 3297 o
965 3244 1013 3311 lili,
1034 3244 1185 3314 permittitur
1201 3262 1236 3315 sq

206 3322 302 3383 tuum,
320 3320 347 3367 et
363 3311 479 3383 occipere
496 3329 527 3365 sc
542 3313 651 3365 reddere
670 3331 746 3366 rores
763 3313 922 3369 bmiliaresi
940 3315 1016 3369 Certe
1035 3333 1172 3370 numerous
1192 3324 1236 3371 teu

208 3385 268 3441 beu
283 3385 372 3441 animo
386 3389 413 3439 et
429 3383 608 3438 existimabm
637 3384 676 3437 ils
693 3383 769 3437 iore:
789 3392 815 3436 et
832 3405 890 3440 rues
907 3387 1053 3442 sollicitudo
1079 3405 1133 3442 nou
1149 3389 1236 3457 decepi

203 3474 256 3530 per
269 3458 358 3529 quales
375 3462 459 3511 terras
474 3461 502 3509 et
519 3473 564 3523 per
584 3463 678 3522 quanta
696 3457 777 3510 maria
793 3456 931 3530 jactatum,
951 3466 977 3510 et
992 3461 1232 3531 quantisperieulis

208 3537 235 3584 te
252 3530 346 3587 sudiol
364 3545 442 3600 quum
459 3529 532 3582 timui
550 3546 586 3581 ne
601 3545 684 3598 regua
699 3528 801 3581 Africae
822 3530 867 3582 libi
882 3530 1012 3584 obstarent
1027 3531 1192 3602 eliquenturnl
1206 3532 1235 3586 [Ε

208 3601 291 3671 Ῥω,
309 3621 325 3657 o
342 3609 435 3674 pater.
453 3596 499 3654 tris
515 3608 611 3653 moeste
628 3599 719 3653 umbra
737 3617 812 3670 saepe
829 3603 881 3654 risa
898 3602 1000 3672 impulit
1019 3620 1058 3655 me
1075 3605 1163 3658 reuire
1180 3604 1213 3656 sd
1230 3606 1235 3657 l

208 3692 253 3729 res
271 3692 345 3730 meae
362 3678 431 3729 stant
446 3670 474 3726 iu
493 3673 559 3727 mari
577 3672 723 3744 Tyrrheno.
741 3671 865 3725 Permitte
889 3675 970 3740 meisi,
988 3691 1004 3726 o
1024 3683 1114 3744 puter,
1132 3677 1234 3746 permiti

208 3765 323 3817 manus,
342 3755 369 3800 et
386 3762 419 3800 ne
439 3750 464 3799 te
480 3744 605 3799 subducas
629 3744 773 3815 complexui
793 3761 859 3798 meo.
879 3744 920 3800 Sic
938 3746 1063 3817 loquens,
1083 3750 1157 3801 simul
1173 3751 1232 3804 msd

207 3825 263 3874 tuns
277 3818 387 3893 copiosis
402 3818 536 3890 lacrymis.
555 3816 607 3871 Ter
623 3823 728 3879 conatus
751 3822 809 3871 eret
827 3817 958 3889 implicare
976 3820 1079 3873 brachia
1104 3822 1172 3874 oollu
1191 3824 1234 3892 eju

206 3890 299 3945 inuisa
316 3890 503 3964 comprehensa
519 3889 666 3960 elapsaest
683 3907 705 3943 e
716 3890 853 3956 munibus,
871 3891 964 3943 similis
983 3893 1066 3943 ventis
1082 3893 1178 3947 laribus
1196 3900 1222 3946 et

207 3964 267 4034 gaci
282 3982 378 4019 murno.
396 3962 497 4018 luteres
515 3960 612 4015 AEneas
638 3964 721 4015 cernit
745 3962 772 4015 in
790 3963 853 4015 valle
879 3971 976 4016 secreta
1000 3965 1088 4017 silvam
1107 3972 1233 4036 separatas

207 4044 327 4089 sonantes
341 4054 394 4109 per
409 4034 521 4101 silrsm3
540 4040 566 4086 et
583 4030 689 4087 flurium
706 4034 847 4090 Lethaeum
858 4073 867 4100 ,
886 4035 932 4105 qui
959 4036 1120 4106 praeterfluit
1147 4044 1233 4109 lrsuqs

244 4175 628 4250 (rlEsspeetsta).Doctissimi
641 4177 735 4249 legunt
750 4193 808 4247 spa·
844 4175 918 4231 donis
936 4194 1026 4231 amore
1045 4183 1071 4229 te
1091 4164 1230 4248 implicuist

208 4255 288 4300 etsta.
309 4247 362 4301 Nec
380 4248 692 4323 mulaei.e.cognits,
751 4264 808 4333 spe·
843 4247 1001 4321 heusen.
1024 4269 1046 4301 r.
1071 4251 1231 4305 mussera

207 4323 270 4380 eta,
296 4320 431 4388 potata:
455 4322 671 4394 quamsdmodum
741 4321 747 4333 '
776 4337 806 4374 us
841 4320 904 4375 En.
927 4337 950 4373 r.
972 4320 1033 4383 dds.
1047 4319 1232 4392 DePprrlserso

207 4387 288 4440 dixit:
310 4390 448 4459 speciose
466 4396 495 4448 sir
512 4394 616 4465 &urbm
632 4408 737 4449 mss·
841 4390 873 4446 sd
891 4389 1021 4446 meridiam
1047 4393 1177 4460 aduente,
1196 4393 1230 4447 Ε

244 4457 283 4531 (²)
302 4458 341 4516 Ns
355 4462 416 4532 quid
434 4463 551 4536 bibres,
576 4473 626 4523 stc.
639 4452 660 4536 i.
677 4461 745 4526 Cura
762 4462 805 4521 bi·
842 4464 959 4538 deliaco
972 4479 1069 4534 smne,
1086 4481 1186 4540 snpra,
1206 4484 1231 4527 r.
