2866 5234
285 324 345 392 roe
560 290 566 299 ’
719 322 1010 390 sncuusnruu.

243 427 415 489 niversarios
435 429 509 506 petri
533 425 615 488 ludos
633 425 812 489 celebrarit.
834 422 953 501 reliquis
972 428 1070 483 autem
1092 420 1222 485 initalia
1243 423 1390 503 praeclare
1407 447 1412 497 q

245 523 357 567 menses
378 507 527 567 minimum
547 512 671 584 quatuor
691 525 753 569 esse
772 504 949 566 tribuendos.
984 506 1093 582 Pugnat
1124 510 1226 566 contra
1257 504 1405 580 Segresius

244 588 359 664 egregia
380 585 563 649 Praelatioue
583 589 612 647 ia
634 584 775 650 Gallicam
795 585 938 649 Aeneidos
951 584 1232 662 interpretationem
1246 585 1414 660 ostenditqu·

246 684 330 727 neam
349 686 367 728 e
387 666 481 730 Sicilia
502 669 613 729 nonnisi
633 668 711 730 lulio
724 686 846 737 mense.
868 671 973 743 quarto
994 684 1096 744 nempe
1117 672 1182 744 post
1201 665 1313 726 obitum
1333 666 1415 744 patris

245 746 376 811 Africam
398 748 563 828 appulisse:
585 755 648 812 toto
669 748 718 811 illo
738 746 891 811 intervallo
912 749 1072 825 temporis,
1093 748 1140 809 vel
1162 743 1416 808 reficiendaeclass

246 828 438 908 expectandae
457 829 626 894 commodae
647 833 833 911 tempestati,
855 831 986 906 curisque
1006 827 1069 889 aliis
1090 829 1231 908 impenso.
1253 828 1349 904 nsque
1369 828 1409 897 ila

248 912 322 973 timo
341 912 426 973 unius
445 915 510 972 suni
530 911 622 1050 spatio
643 912 749 974 Aeneis
769 916 829 974 tota
849 910 1065 984 continebitur3
1086 912 1164 987 quod
1189 907 1247 971 suis
1274 905 1345 968 locis
1365 924 1419 986 pro

249 1006 335 1065 mus,
359 994 525 1070 praesertim
561 1036 569 1052 .
592 992 620 1052 l.
641 1012 669 1053 r.
691 991 752 1057 539
771 996 800 1053 et
822 992 892 1052 760.

333 1069 480 1147 ursum,
502 1074 561 1135 sive
580 1075 655 1136 actio
676 1075 737 1137 suis
755 1073 888 1153 episodiis
908 1077 1031 1147 ornata,
1054 1073 1145 1151 repeti
1164 1075 1258 1151 potest
1276 1088 1313 1131 ex
1328 1084 1422 1146 argum

248 1149 629 1314 dinailnl‘ziill
646 1155 1087 1314 elnoniensis
1106 1151 1426 1310 milduni

250 1314 384 1394 deinceps
402 1320 432 1376 et
452 1316 562 1377 ceteri:
578 1319 649 1379 artis
668 1317 769 1388 enim,
789 1316 849 1376 sire
869 1316 1029 1394 poematis.
1050 1315 1140 1376 alium
1160 1314 1292 1376 ordinem
1312 1317 1397 1393 poeta
1423 1330 1427 1370 ι

251 1396 318 1467 tuin
340 1397 502 1474 seriemque
522 1398 651 1461 consulto
671 1397 854 1477 perturbavit
872 1414 973 1458 earum
989 1413 1099 1462 rerum.
1115 1411 1187 1473 qnae
1198 1395 1352 1457 historicen
1363 1394 1427 1471 sing

252 1479 344 1559 prout
364 1484 545 1555 evenerunt,
570 1486 649 1542 recto
669 1497 703 1540 ac
724 1475 848 1540 naturali
867 1479 967 1539 ordine
987 1475 1171 1537 describeret.

338 1555 508 1621 Emrrdium
528 1561 752 1633 brevissimum,
774 1576 872 1621 versus
891 1560 938 1619 vix
952 1558 1135 1635 quindecim,
1157 1559 1244 1637 capit.
1259 1556 1338 1621 Unde
1349 1562 1432 1620 euleu

254 1639 392 1700 mendum
413 1641 471 1712 sit,
493 1642 639 1706 dubitatur
660 1650 758 1703 utrum
780 1641 817 1701 ab
839 1640 893 1703 iliis
913 1641 1041 1701 versibus
1060 1640 1109 1699 iiie
1131 1635 1218 1716 Epor
1238 1657 1276 1700 au
1295 1639 1397 1704 abne,
1421 1682 1426 1694 ·

255 1721 406 1801 uirumque
426 1742 508 1784 cono.
528 1724 592 1804 ligo
612 1711 658 1787 ab'
670 1715 716 1785 his
735 1732 805 1805 puto
825 1723 1018 1793 sumendum,
1035 1725 1143 1782 veteres
1156 1726 1281 1792 secutus,
1294 1719 1409 1800 Virgilii
1431 1751 1433 1769 ι

256 1802 355 1862 sertim
376 1804 507 1881 aequales
520 1825 539 1867 ι.
551 1807 599 1882 qui
620 1808 730 1883 quoties
750 1804 893 1866 Aeneidos
913 1803 1070 1862 meminere
1086 1844 1094 1871 ,
1118 1804 1202 1863 toties
1219 1819 1284 1862 sam
1303 1800 1349 1863 bie
1368 1800 1422 1879 ipsi

258 1881 339 1944 cibus
356 1885 551 1964 designarunt.
573 1884 658 1948 Ouid.
682 1886 786 1949 Amor.
810 1885 831 1944 Ι.
850 1886 877 1963 l.
895 1884 945 1947 15.
961 1882 1013 1944 25.
1035 1879 1159 1960 Tuprsr,
1182 1892 1209 1944 et
1227 1891 1328 1960 seqelea
1358 1924 1387 1936 ..
1417 1922 1421 1928 ,

258 1980 344 2022 armo
363 1968 502 2045 tepenter.
527 1966 604 2029 idem
624 1968 711 2030 Trist.
733 1967 755 2028 l.
776 1966 809 2026 2.
831 1966 901 2029 533.
925 1964 1012 2026 Felix
1037 1961 1174 2025 deendor
1204 1973 1306 2024 uector
1339 1970 1403 2022 eost
1432 1984 1433 2001 ¹

261 2041 365 2121 Tyrios
384 2066 470 2107 ormo
494 2048 647 2130 Virumque
665 2060 751 2110 toros.
773 2049 831 2111 Pro
869 2052 907 2107 rt.
922 2044 944 2106 l.
959 2045 990 2106 2.
1007 2042 1121 2108 uiue
1138 2043 1197 2123 Qui
1215 2063 1293 2105 susc
1312 2040 1422 2105 Am

254 2123 324 2201 joni
342 2129 458 2188 suarim
488 2148 582 2190 ormo.
615 2128 757 2192 Martialis
776 2128 798 2190 l.
843 2172 851 2189 .
877 2125 928 2188 56.
952 2125 1001 2187 19·
1023 2126 1166 2190 Protinus
1193 2122 1312 2185 Italiam
1349 2151 1368 2174 νυ

259 2224 349 2346 ἳέιόια
357 2209 527 2349 ἴημα.
551 2209 609 2285 Oui
628 2209 709 2350 rq'odo
727 2211 917 2372 mmm
936 2205 1054 2303 memet
1073 2225 1123 2268 ore
1143 2204 1233 2366 ra
1256 2205 1426 2345 Ausp‘uiusEt

326 2330 334 2347 .
405 2306 452 2346 mo
470 2308 619 2369 eorumque
674 2309 761 2365 cene,
886 2307 971 2350 armo
988 2307 1138 2369 seruosque
1232 2305 1291 2361 es,
1337 2305 1365 2347 e.

263 2369 363 2429 abesse
402 2372 512 2430 caesios
531 2376 657 2448 quatuor
677 2389 775 2433 versus
793 2390 810 2433 a
831 2367 917 2431 MSS.
939 2370 1147 2446 antiquissimis
1167 2372 1287 2428 testatm
1301 2363 1422 2427 Pierius:

264 2454 298 2511 ut
318 2445 356 2509 N.
379 2386 513 2512 Heinsius
532 2470 585 2512 nec
602 2453 720 2514 editioni
738 2469 805 2513 suae
824 2453 956 2531 dignatus
975 2450 1013 2511 sit
1031 2449 1203 2512 adscribere.
1226 2447 1322 2527 Vulgo
1341 2452 1432 2508 enne.

264 2530 453 2598 scribuntur,
474 2532 522 2593 sed
543 2534 662 2595 seorsim
683 2532 803 2594 ansuis
823 2531 1080 2610 consequentibus:
1112 2528 1188 2590 unde
1214 2530 1369 2613 conjiciunt
1388 2524 1428 2606 pl

264 2630 282 2672 a
303 2609 398 2672 Tucca
418 2618 448 2675 et
467 2612 582 2687 Vario,
604 2614 685 2690 quad
706 2630 809 2693 pamm
830 2619 912 2692 epioe
932 2615 1001 2675 tend
1015 2614 1111 2690 operis
1123 2609 1260 2685 exordio,
1277 2609 1363 2672 luisse
1375 2606 1429 2668 eub

267 2692 360 2756 iactos
381 2699 476 2755 tamen
496 2713 514 2756 a
535 2694 677 2774 Virgilio:
699 2711 759 2754 non
778 2695 895 2773 quidem
915 2699 948 2754 ut
966 2694 1144 2770 exordium,
1172 2692 1222 2753 sed
1244 2696 1276 2752 ut
1295 2689 1405 2752 auctori
1429 2733 1433 2739 a

266 2775 362 2836 culum
382 2783 560 2853 notamque.
582 2777 678 2855 operis
695 2776 812 2836 editioni
833 2772 1067 2854 praefigendam,
1090 2780 1123 2835 et
1142 2774 1220 2834 inter
1239 2768 1418 2833 recitandum

267 2857 561 2935 supprimisolitsm:
583 2858 660 2920 unde
677 2872 745 2916 cum
756 2858 854 2918 statim
867 2855 1014 2917 ordiretur
1024 2855 1061 2915 ab
1075 2851 1169 2915 arna
1180 2855 1332 2933 uirumque
1345 2859 1398 2915 etc.
1423 2879 1428 2903 ι

268 2938 322 2999 sub
343 2937 389 2997 bis
410 2938 560 3009 versibus,
581 2955 640 3001 uon
659 2938 711 2998 sub
731 2938 817 3010 aliis,
839 2937 994 2999 innotuisse
1015 2935 1163 3013 probabile
1181 2939 1237 2996 est.

352 3015 456 3078 Nemes
475 3020 542 3079 totis
562 3018 711 3081 duodecim
731 3017 823 3096 libris,
846 3019 882 3082 ad
895 3033 986 3099 usque
997 3013 1126 3080 duellum
1138 3015 1253 3080 nem
1264 3028 1331 3075 cum
1374 3038 1378 3060 ·
1410 3040 1414 3066 ι
1429 3040 1433 3061 ·

273 3100 357 3161 tinet.
381 3095 491 3160 Solstio
510 3100 609 3178 incipit
627 3117 646 3160 a
665 3096 770 3161 duello.
1272 3125 1275 3133 ·

358 3175 499 3255 Episodie
518 3185 585 3243 eunt
603 3181 724 3242 iunonis
737 3180 895 3251 consilinm
914 3179 952 3241 de
972 3177 1164 3239 subvertenda
1182 3174 1308 3255 Troiana
1328 3173 1419 3236 classe

274 3277 347 3323 nese
366 3260 442 3338 apud
462 3261 604 3322 Didonem
623 3261 766 3337 diversio,
788 3279 921 3334 amores,
945 3261 1073 3321 narratio
1094 3258 1212 3337 Troiani
1225 3255 1358 3327 incendii,
1374 3270 1433 3315 ce·v

275 3340 438 3421 ejusmodi,
460 3356 533 3419 quae
552 3345 647 3422 partes
665 3341 780 3422 quidem
800 3346 868 3403 mut
888 3339 1019 3405 tabulae,
1041 3356 1100 3400 non
1119 3344 1217 3400 autem
1236 3337 1376 3398 actionisa
1413 3362 1433 3386 ιι

275 3424 354 3483 enirn
376 3421 564 3494 abandons,
586 3421 679 3500 qualis
696 3427 780 3484 antea
800 3422 876 3484 nude
896 3421 1039 3501 descripta
1057 3423 1123 3496 est,
1144 3419 1262 3482 omniuo
1282 3416 1432 3500 separatu

279 3503 369 3574 bula,
389 3502 450 3562 eine
489 3503 550 3564 reri
569 3502 629 3581 ejus
649 3503 867 3577 immutatione,
889 3518 948 3563 non
968 3505 1097 3581 possunt.

360 3580 445 3645 tlon
514 3583 618 3658 ubique
636 3582 814 3660 aequabiles,
835 3583 920 3644 etad
941 3583 1128 3645 imitationem
1148 3598 1185 3643 ae
1204 3578 1424 3644 delectationem

280 3665 355 3726 siml.
377 3661 594 3727 subuenite
613 3668 711 3726 autem
729 3671 761 3726 et
779 3660 901 3727 uiutlu
921 3664 962 3725 sic
980 3663 1110 3726 absoluta
1129 3679 1165 3724 ac
1183 3661 1311 3745 periecta
1329 3664 1398 3739 eat,
1426 3686 1430 3709 ¹

278 3744 336 3811 boc
353 3750 477 3829 utroque
497 3746 613 3811 nomine
631 3746 764 3830 princeps
784 3752 933 3828 poetarum
952 3743 1091 3827 Virgilius
1110 3743 1256 3810 habendus
1273 3743 1323 3810 sit.
