2866 5234
260 323 319 387 tst
616 323 649 384 P.
676 320 837 384 t'ltthLll
859 320 1030 384 aaronis

383 429 454 489 Pers
475 430 503 486 in
525 432 678 504 gramineis
699 432 836 489 exercent
856 427 990 485 membra
1012 425 1160 499 palaestris
1180 431 1191 456 ¹
1208 468 1217 491 ,

381 507 562 570 Conteadunt
583 509 672 576 ludo.
695 516 725 567 et
746 507 824 567 lutra
845 510 989 565 luctantur
1010 521 1119 565 areoar

383 589 451 648 Pars
473 591 592 662 pedibus
615 588 755 664 plaudunt
775 586 916 653 choreas,
938 593 968 645 et
988 589 1115 643 carmina
1135 581 1227 642 dicuni

301 666 360 728 biit
381 667 440 729 Nee
461 687 517 729 non
537 671 671 731 'l'rcicius
691 668 775 743 longa
796 685 861 727 cum
886 674 967 724 reste
987 665 1153 726 sacerdos·

379 746 553 825 Obloqnitur
576 750 707 808 numeris
728 753 840 824 septem
862 754 872 784 ¹
893 745 1057 805 discrimina
1077 761 1202 805 vocum:

380 827 500 904 lamque
519 827 621 889 eadem
644 829 760 906 digitis,
778 828 841 905 jam
862 826 975 905 pectina
997 827 1092 901 pulsat
1110 825 1229 885 eburae.

380 908 437 967 Hic
459 927 549 983 genus
568 912 720 984 antiquum
743 909 869 972 Teucri.
892 903 1084 984 pulcherrima
1105 903 1228 982 proles,

383 989 551 1064 blagnanimi
576 991 696 1051 lreroes.
722 990 779 1046 nati
804 989 969 1055 melioribus
990 991 1091 1046 annis:

300 1066 360 1128 650
383 1070 520 1144 Ilusque,
542 1073 756 1144 Assaracusque
778 1070 814 1137 ⁴,
836 1074 865 1127 et
885 1065 989 1142 Trojae
1009 1068 1162 1126 Dardanus
1182 1081 1232 1125 atas

381 1153 468 1208 Arma
491 1152 607 1225 procul.
632 1166 793 1223 currusque
817 1151 910 1206 virum
932 1149 1054 1206 miretur
1075 1149 1184 1205 inanes.
1222 1176 1225 1181 ·

377 1228 460 1287 Stant
481 1234 560 1289 terre
583 1228 698 1289 defixea
721 1229 841 1295 hastae,
864 1228 1028 1305 passimque
1049 1226 1132 1287 soluti

378 1308 435 1369 Per
456 1328 573 1386 campos
594 1322 752 1387 pascuntur
772 1312 837 1386 eqni
857 1327 864 1366 ε
887 1324 962 1386 qnae
982 1308 1073 1381 petia
1094 1309 1214 1371 currum

378 1386 593 1465 Arinerunrqne
614 1389 668 1449 init
688 1388 761 1447 viris
774 1406 785 1458 ·,
808 1407 884 1466 quae
904 1403 972 1445 cura
994 1391 1118 1448 nitentes

300 1466 359 1528 655
381 1469 500 1529 Poscere
521 1488 634 1546 equos;
655 1471 756 1528 eadem
776 1474 910 1545 sequitur
932 1464 1037 1529 tellure
1057 1472 1199 1545 repostos.

378 1549 549 1627 Conspicit,
571 1568 663 1620 ecce,
687 1552 762 1609 elios
779 1550 882 1609 dextra
904 1549 1041 1620 laevaque
1062 1567 1115 1624 per
1135 1546 1237 1609 herbar

382 1632 558 1698 vescentes,
581 1632 747 1707 laetumque
767 1632 857 1691 choro
877 1630 971 1689 Paene
993 1634 1003 1662 ⁵
1026 1635 1185 1697 satiantes,

379 1711 459 1770 inter
481 1711 633 1770 odoratum
658 1712 732 1769 lauri
753 1729 874 1770 raerarus:
898 1711 971 1767 unde
991 1727 1113 1785 superne
1224 1762 1228 1768 .

379 1790 522 1852 Plurimus
547 1790 663 1850 Eridani
684 1794 696 1822 ⁰
718 1808 769 1868 per
790 1793 893 1849 silvam
917 1790 1040 1848 volvitur
1062 1792 1165 1850 enanis,

561 1913 1049 1971 ·.rrt'rs1t1>asrar10

214 2032 278 2086 Pars
296 2040 419 2087 exercent
434 2050 542 2105 corpora
556 2033 586 2088 in
603 2034 719 2087 herbosis
735 2034 807 2100 locis,
826 2041 925 2088 certant
940 2033 1016 2103 ludis,
1034 2039 1061 2088 et
1077 2036 1206 2090 luctantur
1222 2035 1241 2090 r'r

215 2104 279 2157 Pars
296 2106 398 2175 agitant
413 2105 560 2158 saltationes
586 2106 711 2175 pedibus,
735 2113 761 2157 et
776 2114 870 2158 canunt
886 2106 1038 2161 cantilenas.
1060 2107 1136 2161 Vates
1151 2110 1230 2161 etiam

213 2185 283 2230 reale
298 2177 378 2245 ionga
394 2179 463 2229 canit
481 2178 595 2230 numeris
609 2183 704 2248 sepiem
724 2177 873 2232 discrimina
889 2196 1032 2232 sonorum:
1052 2185 1077 2232 et
1092 2188 1166 2233 senat
1183 2179 1243 2234 erar

212 2249 292 2316 gitis,
312 2251 388 2302 anodo
404 2249 500 2320 plectra
516 2250 642 2303 eburneo.
662 2249 709 2302 Hic
726 2258 767 2304 est
783 2257 883 2303 vetusta
900 2269 1017 2322 propago
1035 2250 1131 2306 Teucri
1158 2250 1243 2306 sobole

213 2321 304 2379 bernes
320 2340 359 2374 ma
382 2321 498 2388 nanimi,
518 2322 573 2375 nati
589 2319 746 2392 temporibus
763 2320 941 2377 felicioribus:
971 2331 998 2375 et
1014 2323 1087 2390 llus,
1103 2331 1130 2379 et
1148 2324 1244 2378 Assars

211 2394 292 2446 danus
307 2390 354 2447 iun
372 2399 427 2446 ator
442 2393 544 2465 'l'rojee
568 2392 679 2447 Miratur
696 2394 787 2464 procul
803 2413 877 2448 arma
894 2401 920 2446 et
938 2404 1027 2448 currus
1044 2395 1158 2451 virorum
1174 2412 1245 2449 secur

212 2463 281 2518 lixae
299 2465 328 2521 s'n
345 2474 434 2525 terrea.
452 2471 479 2519 ct
495 2464 556 2537 equi
573 2464 647 2520 liberi
665 2473 801 2537 pascamur·
821 2467 910 2535 passim
929 2468 955 2518 in
977 2469 1090 2536 campis:
1118 2485 1192 2522 amar
1219 2484 1245 2521 ca

212 2554 311 2592 marom
327 2539 371 2609 qni
387 2536 436 2592 l'nit
455 2536 615 2604 virentibus,
633 2538 744 2591 studium
763 2540 830 2608 qnod
840 2540 900 2611 saa‘t
917 2540 1001 2594 alendi
1018 2540 1060 2609 pin
1083 2559 1125 2595 ues
1141 2556 1240 2611 equos;

211 2608 379 2684 si'adepositis
395 2611 445 2668 snb
462 2617 543 2664 terra.
560 2608 629 2664 Ecce
646 2610 713 2663 ridet
731 2611 793 2664 alios
810 2614 848 2666 acl
864 2611 980 2665 dextram
1006 2620 1032 2663 et
1048 2559 1224 2668 sisinistram

180 2688 192 2709 ⁸
212 2682 653 2811 mgraminesfipiffinqeesopn
666 2683 750 2808 ‘qinono
767 2684 847 2808 ineptas
865 2685 1029 2810 cantqlenss,
1058 2685 1087 2738 in
1105 2683 1248 2811 ii’ioriiirrlia

297 2772 408 2829 megaris
637 2773 673 2809 rrr
702 2772 859 2826 pererrem
883 2775 935 2827 apn
970 2773 1084 2828 superos.
1130 2775 1153 2813 se

191 2896 538 2973 ‚Sobmmntpsiqutan
548 2900 636 2953 statuit
648 2900 726 2956 etiam
738 2903 811 2956 Pluto
844 2916 943 2954 versum
961 2916 1016 2956 esse
1034 2900 1142 2954 ostendit
1161 2900 1250 2954 inreat

211 2971 241 3024 ia
256 2968 401 3026 Phaedone.
549 3023 554 3037 ,
844 2972 873 3024 lii
900 2973 970 3026 tertii
996 2972 1153 3043 temporibus
1172 2989 1251 3026 marna

246 3038 287 3112 (ι)
302 3041 449 3096 Gramineis
465 3040 627 3116 palaestris).
647 3043 809 3113 Palaestra,
846 3049 948 3113 statua,
976 3062 1040 3116 quoe
1065 3045 1170 3098 sinistra
1195 3060 1251 3098 man

209 3119 262 3167 tara
278 3129 327 3184 pro
345 3112 409 3169 lardo
423 3116 551 3181 sumitur,
579 3133 655 3186 quarn
684 3119 810 3188 praiaco
845 3116 937 3171 dextre
953 3118 1081 3189 pectinem
1097 3116 1225 3185 tenebat,
1247 3122 1252 3168 t

210 3182 278 3239 irati&
294 3182 402 3249 Addicto.
422 3184 468 3238 liic
493 3200 541 3255 pro
566 3185 636 3242 iaco.
658 3188 696 3241 De
714 3188 809 3245 Palae·
846 3186 938 3246 meno.

209 3265 291 3325 stra,
310 3256 369 3311 'sire
383 3255 475 3321 lata,
493 3256 557 3311 En.
585 3257 611 3310 s.
631 3257 691 3313 280.
713 3261 740 3314 in
758 3279 809 3334 qno
879 3260 920 3335 (q)
936 3262 1144 3332 Assaracusque,
1165 3257 1247 3328 etc).

210 3328 317 3387 ditaret
332 3346 350 3383 s
362 3327 508 3403 papalum,
528 3328 592 3383 AEn.
612 3328 640 3386 5.
659 3331 721 3394 dor.
841 3329 963 3402 jecorum
989 3351 1081 3404 regum
1107 3332 1196 3400 seris,
1222 3329 1255 3385 Ga

245 3400 286 3478 (a)
303 3398 437 3459 Maius
453 3399 600 3526 userdap).
619 3401 740 3470 Orpheus
752 3403 808 3458 lael.
847 3402 884 3457 De
904 3408 1052 3471 medaria,
1072 3404 1135 3459 AEa.
1156 3406 1181 3457 t.
1204 3419 1252 3476 rnq

213 3475 240 3529 3.
259 3472 310 3539 Ab,
325 3471 403 3530 Geor·
423 3474 454 3539 4.
471 3469 534 3535 456.
584 3471 631 3525 ulti
651 3471 810 3544 inerelrujus
880 3479 918 3550 ()
937 3477 1066 3549 Paeana).
1084 3474 1187 3543 Paean,
1206 3475 1256 3548 byn

210 3543 342 3602 nominis:
360 3544 404 3601 seli
420 3543 509 3600 omnia
525 3545 571 3596 tani
587 3546 750 3613 tribuuntur,
772 3547 810 3601 ia·
843 3568 893 3621 que
910 3550 1021 3621 duplex:
1050 3547 1118 3602 aliar
1147 3547 1175 3600 in
1192 3547 1257 3602 hana

210 3616 329 3673 baiarum
347 3636 426 3673 more.
444 3613 546 3670 Dicitur
561 3634 595 3672 es
612 3618 806 3689 AEppptoarca·
841 3621 886 3692 qui
905 3620 1001 3676 solebat
1017 3626 1075 3673 ente
1093 3636 1207 3692 pugnam
1224 3635 1258 3673 ca·

210 3709 256 3743 nas
273 3689 429 3745 cerimonias
444 3688 541 3763 primus
556 3690 735 3748 transtullisse:
751 3697 807 3746 tum
841 3694 967 3748 bonorem
984 3692 1130 3764 Apollinis,
1148 3691 1190 3761 qui
1208 3699 1259 3761 post

207 3762 282 3835 iprae
308 3762 442 3830 solertis,
479 3767 506 3814 et
532 3761 655 3819 memma
680 3762 806 3819 maritate
844 3766 904 3820 inde
920 3767 979 3822 laeti
990 3763 1098 3836 quilibet
1109 3779 1260 3836 quorumem

207 3836 386 3908 praecelluisse
396 3852 404 3889 a
416 3848 468 3904 qao
483 3836 593 3904 utreque
610 3834 715 3888 nomine
725 3834 752 3889 la
787 3855 807 3893 o
841 3838 931 3912 hymni
945 3876 954 3905 ,
968 3855 1088 3910 paeones
1104 3835 1182 3888 ctiam
1201 3835 1260 3890 dicti

206 3924 266 3963 esen
280 3917 353 3965 reste
371 3904 522 3969 inducitur,
552 3921 618 3975 quse
646 3911 671 3960 et
687 3855 807 3963 arceiis-
841 3927 857 3963 a
884 3936 949 3969 reru
968 3910 1067 3986 serso,
1093 3907 1155 3980 quit
1183 3908 1218 3960 ⁰¹>
1247 3925 1261 3961 ⁰

208 3984 263 4043 itam
280 3980 346 4047 init,
365 3985 391 4034 et
406 3978 571 4033 musicarum.
839 3981 960 4051 Apolline
993 3981 1109 4054 Pythona
1135 3987 1262 4051 serpentes

245 4051 285 4125 (8)
302 4050 420 4106 Numerio
434 4054 556 4119 septem,
573 4053 624 4104 ela.
642 4047 663 4119 ).
682 4050 806 4107 Numero·
841 4069 916 4107 mnus
932 4053 1016 4123 primo
1034 4060 1150 4106 cantatus
1167 4057 1222 4104 est:
1247 4072 1263 4105 n

209 4121 326 4185 sissanis
345 4123 425 4191 pulsat
451 4120 598 4176 citharam:
630 4139 696 4192 quae
722 4126 806 4195 primo
833 4124 973 4196 jaculare.
984 4124 1044 4199 fili·
1064 4124 1153 4193 quibus
1169 4126 1254 4178 verbis

209 4200 304 4265 septem
313 4192 415 4245 chordis
424 4191 549 4246 instructa
561 4188 729 4264 memoretur,
740 4195 808 4249 dein·
844 4203 928 4249 mater
944 4212 976 4249 ea
996 4199 1023 4249 in
1040 4213 1127 4268 pugna
1138 4196 1266 4249 hortabatr

209 4267 367 4326 donarem,
393 4265 422 4316 in
438 4263 562 4324 bonorem
580 4263 723 4321 Marsorum.-
742 4260 809 4321 ilaei
839 4286 950 4340 mn,
969 4267 1059 4323 deinde
1087 4269 1266 4339 triumphantia

209 4340 294 4389 sutem
313 4333 480 4406 pulsabatur,
496 4336 586 4410 ds'qa'ta'a
598 4374 608 4405 ,
622 4339 738 4408 penne,
753 4340 809 4407 ple·
845 4339 882 4394 tio
899 4336 957 4394 tnta.

209 4418 290 4463 csra:
310 4408 375 4463 Nam
389 4405 534 4477 plectrum,
547 4409 603 4463 sire
620 4426 711 4465 arcura
725 4408 809 4475 iliram,
880 4409 920 4483 (t)
941 4409 1071 4467 Plurimos
1084 4410 1212 4478 Eridani,
1241 4418 1268 4466 ct

211 4496 261 4551 qno
279 4477 323 4532 iile
341 4478 550 4550 perstringuntur
564 4497 616 4553 ,a
644 4482 745 4551 pertiae
772 4479 810 4537 di·
845 4479 953 4538 aiiertur
970 4482 1004 4538 ab
1024 4483 1208 4555 interpretibus
1226 4482 1270 4557 lanj
