2866 5234
243 272 299 336 tat
424 248 428 255 ’

541 311 1105 441 aacnun'nnnu.
1215 336 1219 343 “

771 615 882 640 Ἣ

202 1035 389 1178 Annus
414 1130 517 1199 poema
540 1105 705 1187 heroicum,
730 1109 792 1175 sinc
813 1106 930 1196 epicum
949 1134 958 1189 ;
983 1103 1024 1172 alr
1047 1105 1149 1175 Aenea
1165 1103 1310 1200 Trojano,
1329 1108 1386 1181 Ver

201 1220 231 1270 et
255 1200 400 1270 Anchisae
418 1201 503 1277 lilio,
531 1196 642 1266 Priami
659 1221 774 1287 genero
791 1248 802 1278 ‚
822 1219 929 1265 nomen
949 1195 1064 1265 habet:
1092 1219 1148 1263 uon
1174 1200 1252 1287 qood
1272 1201 1389 1268 actione

203 1296 258 1360 tius
276 1314 381 1357 omnes
403 1287 663 1377 comprehendat3
687 1289 739 1358 s'cd
766 1310 864 1357 unam.
881 1289 958 1356 inter
982 1310 1085 1355 omnes
1109 1288 1323 1378 praecipuam,
1346 1295 1391 1362 soi

202 1406 329 1471 regnum
354 1383 383 1448 in
408 1380 497 1447 ltalia
522 1378 693 1447 laudatum.
723 1377 842 1468 Scripta
863 1389 910 1446 est
932 1404 952 1446 a
976 1377 1104 1468 Virgilio
1127 1380 1156 1445 in
1193 1382 1326 1467 gratiam
1344 1433 1358 1463 ,,
1391 1408 1394 1451 ·,

203 1475 359 1542 Romanae
383 1474 475 1538 totins
495 1472 621 1557 gentis,
649 1483 711 1538 tum
736 1468 870 1538 lamiliac
888 1469 1035 1560 imprimis
1056 1467 1177 1547 iuliae,
1205 1495 1285 1557 qnae
1307 1467 1396 1562 origii

201 1563 351 1632 relerebat
373 1586 458 1629 snam
477 1563 516 1626 ad
534 1559 633 1628 dnlnm
650 1565 711 1628 sire
730 1562 907 1637 Ascanium,
924 1562 1044 1628 Aeneae
1059 1560 1152 1629 lulium
1169 1583 1207 1649 ex
1221 1562 1328 1630 Creusa
1346 1564 1398 1631 Pri

203 1658 279 1723 tilia.
308 1653 341 1721 ln
365 1653 423 1721 hac
448 1675 537 1745 porro
561 1651 703 1719 lumiliam
728 1653 857 1719 adscitus
878 1675 898 1718 a
919 1651 1000 1720 lulio
1024 1647 1154 1717 Caesare
1176 1654 1322 1719 arnrrculo
1354 1655 1400 1724 lue

202 1745 408 1822 Octauianus,
438 1758 508 1812 tunc
530 1767 631 1810 rernm
656 1756 782 1835 potens,
807 1753 901 1902 atglne
924 1743 1067 1835 Aegypto
1089 1741 1237 1821 subacta,
1262 1741 1306 1812 tt.
1322 1745 1400 1815 Anto

200 1850 230 1904 et
255 1835 417 1926 Cleopatra
438 1832 624 1917 interiectis,
650 1859 725 1902 nnus
745 1834 827 1902 orbis
871 1839 968 1900 omani
992 1834 1141 1899 dominns.
1168 1832 1263 1902 Scribi
1282 1851 1389 1925 coepta

199 1952 279 1997 anno
302 1926 341 1995 U.
362 1925 398 1996 C.
427 1926 503 2020 qud.
531 1937 681 1994 exeunte:
703 1925 825 2015 Virgilii
851 1924 907 2004 dn.
936 1922 1090 1992 Octaviani
1114 1922 1169 1992 33.
1189 1949 1255 1992 curu
1271 1925 1400 1996 Octauio

200 2025 229 2085 in
254 2021 325 2086 Asia
348 2042 405 2085 non
431 2026 521 2104 longe
544 2017 585 2082 ab
608 2016 763 2109 Euphrate
780 2017 962 2107 hyemaret:
1000 2027 1095 2107 atque
1129 2018 1169 2082 ita
1206 2016 1350 2105 Virgilius
1387 2045 1400 2111 n

199 2109 369 2177 adhibitam
388 2106 544 2196 Georgicis
554 2119 718 2175 extremm
736 2130 871 2186 monam,
887 2104 1030 2174 continuo
1045 2109 1176 2175 snimtun
1192 2106 1318 2176 Aeneidi
1335 2109 1400 2181 ride

198 2199 401 2292 applicuisse3
427 2202 455 2264 in
480 2221 580 2288 eaque
604 2219 728 2278 anuos,
754 2208 784 2263 ut
808 2197 898 2264 habet
923 2195 1070 2276 Servius,
1106 2197 1242 2266 undecim
1265 2201 1400 2270 collocas

198 2301 274 2383 quot
291 2290 332 2356 ab
354 2316 391 2357 eo
417 2298 548 2378 tempure
572 2288 609 2353 ad
636 2300 760 2355 mortem
785 2287 901 2376 Virgilii
929 2289 1047 2355 omnino
1078 2302 1286 2357 numeramur.
1320 2291 1398 2362 Secu

199 2393 245 2450 est
268 2381 440 2469 Virgilius,
465 2393 495 2449 nt
519 2382 548 2446 in
572 2379 739 2456 Bucolicis,
764 2377 967 2457 Theocritum,
994 2381 1021 2446 in
1038 2379 1198 2467 Georgicis
1217 2379 1389 2468 Hesiodum

200 2480 230 2541 iu
253 2473 389 2542 Aeneide
414 2470 596 2539 Homerum:
617 2471 701 2560 cirjns
724 2470 885 2562 Odysseam
909 2494 959 2538 sex
981 2470 1129 2558 prioribus
1142 2470 1243 2547 tibris.
1259 2471 1400 2542 iliadem:

198 2563 433 2656 posterioribus,
457 2563 624 2652 expressit,
651 2585 690 2628 an
713 2562 804 2630 etiam
828 2566 1008 2652 superaritt
1032 2559 1063 2626 id
1095 2585 1166 2629 vero
1183 2563 1348 2652 ambigitur
1373 2568 1400 2635 in

199 2661 314 2726 doctos.

401 2909 468 2974 DE
497 2911 721 2977 NATURA
758 2906 1046 2974 nonnanis
1084 2907 1252 2974 nutet.

198 3104 333 3216 Pontia
353 3156 487 3231 epicam,
508 3158 568 3219 sive
587 3159 739 3237 φοροοία,
760 3158 802 3217 sic
820 3155 928 3217 dictum
942 3159 987 3215 est
999 3155 1037 3215 ab
1053 3157 1261 3230 necessrium,
1277 3156 1342 3233 qnia
1358 3161 1400 3218 tot

197 3240 299 3315 poetae
318 3235 439 3296 dictione
459 3255 508 3300 seu
528 3241 694 3301 narratione
711 3239 884 3299 continetur.
907 3234 1049 3297 Definitur
1069 3256 1105 3298 ex
1127 3239 1255 3298 doctrina
1277 3239 1400 3299 Aristote

200 3318 327 3378 imitatio
347 3317 467 3378 actionis
487 3320 574 3380 unius
595 3321 740 3394 illustris,
762 3319 936 3395 completor,
958 3328 1052 3378 certos
1070 3320 1286 3397 magnitudinis,
1299 3335 1400 3398 quoru

197 3401 312 3459 ratius
328 3407 355 3456 ct
375 3416 458 3458 cortu
477 3399 644 3461 dcccmo
663 3401 741 3460 uiroc
757 3401 905 3479 sorano
926 3417 992 3459 cum
1013 3399 1204 3461 admiratione
1224 3409 1250 3460 et
1270 3401 1400 3460 delectati

197 3479 238 3537 od
255 3482 414 3557 primarios
432 3481 551 3540 uirtutes
571 3482 689 3541 cecitat-
1223 3498 1227 3505 ·

276 3559 409 3636 Quinque
428 3561 644 3638 ennmlcctitnr,
659 3562 807 3633 aaronem,
821 3559 964 3640 tudam.
978 3577 1079 3634 mores,
1092 3561 1271 3635 amomum,
1287 3560 1400 3621 dictim

196 3636 306 3712 Actio,
328 3648 371 3702 cst
392 3643 529 3717 mensotis
550 3643 681 3702 maenia:
704 3638 821 3711 Fabula,
836 3647 880 3702 est
900 3643 1020 3702 actionis
1033 3639 1130 3702 lorms
1142 3652 1172 3703 et
1183 3643 1328 3705 tractatio:
1341 3639 1400 3701 Mon

197 3722 363 3798 Sententia,
387 3720 480 3784 Dicito
493 3767 501 3794 ‚
523 3730 590 3783 snut
608 3724 765 3784 neccssaria
779 3721 893 3783 tabulae
906 3728 1087 3784 ornamenta.
1103 3723 1190 3784 Poeta
1204 3725 1292 3784 sumit
1306 3725 1400 3783 action

196 3802 233 3860 ab
254 3802 360 3873 heroe,
382 3803 508 3865 tabulam
529 3805 566 3864 ab
585 3809 648 3864 arte
667 3819 742 3878 saa,
765 3820 862 3865 mores
880 3820 898 3863 a
919 3803 1117 3884 philosophia,
1139 3806 1311 3866 sentcruiam
1339 3824 1355 3864 a
1383 3806 1400 3865 r'

198 3885 309 3954 turice,
332 3886 484 3948 dictionem
504 3903 522 3945 a
543 3885 738 3964 grammatica.

279 3963 373 4025 Aonio
394 3967 480 4029 debet
498 3984 560 4028 csse
579 3984 666 4034 aaa.
687 3965 831 4039 ittsrtris,
854 3963 993 4041 compicto
1010 4008 1018 4032 .
1038 3975 1133 4025 certos
1153 3967 1369 4043 magnitudinis.

282 4044 367 4117 una,
389 4046 501 4122 idest,
523 4047 559 4108 ab
579 4063 638 4106 uno
658 4045 746 4106 heroe
766 4046 940 4125 praecipuo,
966 4050 997 4104 et
1017 4060 1075 4104 uno
1102 4048 1238 4105 continno
1266 4051 1359 4124 stratio
1381 4054 1400 4107 tr

196 4125 275 4200 poris
295 4127 400 4200 absque
420 4128 629 4189 intermissione
651 4123 797 4206 perfectu
817 4125 938 4203 talisque
956 4129 1124 4202 praeterea,
1148 4133 1179 4185 ut
1200 4125 1271 4186 altas
1286 4128 1313 4184 iu
1328 4131 1400 4187 notin

198 4206 321 4281 integras
342 4209 409 4265 item
431 4206 642 4287 completusque
663 4207 748 4267 dividi
770 4226 827 4269 non
848 4207 945 4287 possit.

279 4285 431 4362 titustrr's,
454 4306 523 4365 ergo
536 4296 566 4349 et
579 4292 707 4350 virorum
724 4289 885 4368 priucipum
899 4333 907 4356 .
920 4291 951 4345 et
965 4284 992 4343 in
1006 4288 1086 4362 gravi
1101 4284 1301 4364 splendidaque
1316 4293 1400 4345 mater

279 4365 445 4443 Comptetu,
467 4370 512 4426 cui
533 4369 603 4430 nihil
625 4370 696 4431 desit
714 4388 816 4431 eorum
837 4370 986 4441 omnium,
1007 4384 1080 4445 quae
1099 4366 1196 4428 adesse
1218 4365 1333 4438 debent,
1351 4371 1400 4427 uti

194 4448 283 4509 soluta
309 4454 337 4507 rt
359 4449 392 4508 ad
416 4445 501 4508 linem
524 4452 659 4528 perducta
680 4453 734 4513 dici
756 4456 854 4530 clueat.
936 4524 939 4531 ,
