2866 5234
244 302 304 365 seo
617 307 644 362 r.
672 304 830 369 vinetus
853 285 1024 363 aaronis

365 410 439 484 Quin
461 427 575 469 omnem
597 408 767 484 neoterium
789 409 902 488 penitus
922 425 972 468 sua
995 405 1048 465 strb
1063 404 1094 485 ir

364 491 524 560 litmaro,
544 491 620 568 quod
643 499 651 524 ¹
673 509 781 568 sonsa,
805 496 944 562 teneant,
965 486 1095 564 quodqur

286 569 344 629 15⁰
363 574 488 648 Accipe,
513 571 606 648 daque
626 567 715 633 iidem
731 589 740 628 a
760 573 831 629 sunt
850 570 929 631 nobis
949 568 1032 628 fortia
1055 564 1097 629 bel

367 649 507 722 Pectora,
526 661 594 710 sitttt
613 653 723 722 animi,
744 655 775 713 el
795 649 880 711 rebus
899 655 1023 725 sqreotata
1042 645 1098 725 juri

367 731 488 793 llixerat
507 730 632 792 AEneas:
655 731 702 793 iile
722 750 756 793 os
774 747 827 789 ocu
848 730 851 737 '
892 746 928 789 ue
949 728 1093 805 loquentis

363 810 538 873 Iamdudum
558 818 588 872 et
608 816 701 874 totum
722 811 863 875 lustrabat
895 812 993 870 umine
1013 818 1102 885 cornu

364 890 438 951 Tum
460 894 502 952 sic
524 910 616 968 nauca
635 890 746 952 relect:
767 899 800 951 nt
820 896 870 961 te,
892 887 1049 950 fortissime
1068 886 1103 949 Tr

288 971 346 1036 155
366 975 482 1049 Accipio
502 989 679 1050 agnoscoque
699 973 800 1035 tibensl
824 975 856 1030 ut
876 971 964 1029 rerbr
986 968 1104 1046 parentii

367 1053 405 1115 Et
426 1071 526 1114 vocem
548 1052 689 1112 Anchisae
709 1053 803 1131 magni
823 1051 991 1129 uultumque
1011 1066 1104 1108 recorr

368 1132 441 1193 Nam
463 1134 578 1193 memini
603 1128 742 1193 Hesiones
762 1140 775 1168 ¹
796 1131 1039 1204 visentem-regua
1059 1145 1107 1189 ror

367 1212 632 1273 Laomedontiaden
654 1210 820 1281 Priamum,
843 1213 985 1271 Salamina
1006 1213 1108 1287 petenti

221 1323 225 1331 ·
364 1295 498 1356 Protinus
519 1292 659 1356 Arcadiae
676 1293 784 1370 gelidos
805 1293 928 1352 inrisere
947 1288 1029 1348 lines.

291 1377 347 1440 teu
367 1376 441 1436 Tum
463 1375 536 1434 mihi
555 1375 650 1454 prima
671 1392 760 1451 genes
778 1371 901 1433 restibn
920 1370 992 1431 llore
1010 1368 1111 1447 juvent

369 1454 555 1533 Mirabarqne
575 1456 661 1515 dianes
682 1458 833 1520 't'euoroe‚
855 1451 980 1511 mirabar
1000 1458 1032 1509 ct
1050 1449 1113 1527 ipsu

368 1534 650 1596 Laomedontiaden:
673 1534 723 1596 sed
744 1533 852 1594 cunctis
870 1533 955 1592 altior
975 1531 1037 1590 ibat
1109 1590 1114 1595 ,

367 1616 517 1676 Anclriscs.
542 1615 614 1675 ttttrt
636 1633 717 1676 urens
733 1613 851 1694 juveniti
873 1610 994 1671 ardebat
1013 1626 1115 1673 amota

364 1698 546 1774 Corripellare
568 1696 679 1762 sirtrnr.
703 1702 732 1755 at
753 1694 874 1752 dextrae
894 1708 1068 1752 containeere
1087 1690 1118 1755 dr

288 1776 344 1840 165
367 1778 500 1844 Accessi,
522 1783 551 1837 et
571 1776 693 1851 cupidus
716 1774 821 1841 thanet
842 1775 855 1808 ⁶
878 1773 932 1831 sub
954 1772 1064 1830 nroeoir
1085 1770 1119 1833 dtt

367 1857 419 1916 lite
439 1856 507 1917 milri
530 1856 667 1931 insignem
690 1857 879 1932 qurarotrnm.
904 1851 1062 1931 Lyciasque
1082 1868 1121 1915 aar

372 1937 546 2012 Pisi-edens,
570 1935 788 2015 clamydemque
807 1951 880 1993 auro
900 1931 979 1992 dedit
998 1935 1122 1993 intertex·

367 2018 533 2093 Praenaque
554 2017 639 2083 bina.
664 2034 744 2076 mens
764 2030 838 2091 quae
851 2028 934 2075 nunc
954 2012 1039 2081 babet
1060 2026 1124 2073 num

370 2096 446 2173 lirqo
465 2103 495 2156 et
514 2116 600 2173 quam
623 2099 742 2174 petitis,
761 2096 858 2172 juncta
881 2099 925 2153 cst
947 2094 1015 2152 nribi
1036 2090 1125 2153 laedet

291 2175 349 2236 170
370 2176 407 2237 Et
428 2176 476 2235 lux
498 2195 563 2238 earm
585 2180 709 2254 primum
734 2177 821 2236 terris
843 2192 874 2233 so
895 2175 1018 2232 crastina
1040 2171 1127 2233 redde

366 2255 479 2318 duritie
500 2256 591 2316 laetos
612 2259 776 2326 dimittam,
797 2255 957 2331 opibusque
974 2253 1091 2333 jurabo.

618 2432 1031 2499 tursteusrrrto

208 2620 279 2660 mare
295 2594 361 2677 qn’od
377 2604 492 2660 allambit
508 2625 568 2663 corn
584 2623 682 2680 supra,
702 2613 728 2663 et
744 2606 812 2680 quod
831 2605 909 2675 inlrn.
930 2604 1034 2676 Accipe,
1046 2609 1072 2657 ct
1090 2620 1134 2689 pra

210 2677 249 2731 bis
264 2694 374 2765 corpora
391 2678 493 2733 robusta
510 2680 542 2734 ad
562 2679 677 2748 bellum,
695 2686 753 2734 sunt
770 2679 871 2746 animi,
889 2687 914 2734 et
928 2678 1035 2750 juvenes
1053 2677 1090 2729 ins

209 2767 273 2805 neas
290 2768 330 2808 eac
346 2750 454 2806 dixerat:
475 2750 594 2806 Evander
609 2753 663 2827 jam
678 2751 721 2805 diu
739 2752 957 2822 circumspiciebat
974 2749 1054 2803 oculis
1075 2756 1134 2803 ton

210 2820 438 2897 carpimdiccntir.
457 2823 531 2878 Tunc
547 2824 584 2877 ita
600 2824 734 2898 respondet
752 2816 848 2896 pauca:
869 2830 889 2877 0
906 2820 1100 2909 generosissime
1117 2820 1134 2877 'l

207 2894 299 2950 Meter
316 2912 430 2981 agnosco
448 2900 492 2964 te,
510 2902 536 2950 et
553 2895 670 3024 exetifliol
686 2913 762 2967 quam
780 2898 842 2951 bene
859 2896 1010 2949 remimseor
1029 2910 1135 2948 sermon

208 2967 277 3021 ciem
295 2986 384 3039 magur
400 2968 480 3039 patris
497 2969 540 3021 tua‘
553 2970 594 3021 dn
629 2970 689 3023 isael
700 2967 765 3023 Nam
783 2967 889 3031 memini
900 2968 1039 3025 Primnum,
1050 2964 1132 3019 lilium

208 3043 260 3092 tem
279 3056 390 3110 regnum
407 3038 504 3093 wroris
520 3058 586 3095 sorae
599 3042 729 3105 Hesiones,
739 3047 765 3093 ct
775 3049 877 3093 orantem
887 3037 1028 3106 Salamina,
1039 3038 1134 3105 contina

207 3107 332 3183 frigidam
359 3110 493 3181 regionem
510 3111 645 3165 Arcadiae.
665 3112 738 3166 Tune
765 3115 847 3184 prima
860 3113 981 3181 juventus
996 3116 1021 3162 le
1055 3109 1098 3163 bat
1115 3129 1135 3165 rr

211 3189 237 3234 et
254 3181 399 3236 admirabar
418 3183 695 3259 principesl'rojaoos,
714 3189 740 3236 et
761 3184 907 3237 admirabar
925 3182 1010 3253 ipsum
1063 3181 1135 3237 omed

211 3253 295 3307 elaises
310 3250 443 3308 incedebat
458 3254 595 3309 sublimior
623 3256 752 3310 omuibus.
771 3256 881 3310 Animus
897 3255 1013 3309 fervebat
1029 3252 1092 3309 mibi
1103 3253 1134 3327 ju

210 3324 303 3396 quendi
319 3324 468 3399 heminam,
488 3334 514 3380 ct
530 3327 643 3382 sociandi
665 3329 780 3382 dextram
798 3328 910 3382 dextrae.
931 3325 1007 3380 Adiri
1025 3344 1092 3390 mm,
1110 3330 1135 3380 cl

210 3398 243 3451 ed
260 3397 351 3452 urbem
368 3396 511 3454 Pheneum.
528 3399 576 3466 illc
595 3400 684 3454 obiens
701 3401 807 3454 donarit
824 3401 885 3454 mibi
904 3399 1031 3453 illustrem
1051 3397 1135 3471 plueret

211 3469 288 3595 its
304 3468 504 3615 bibisti?
510 3470 1135 3615 illittttttriiiiidgtritti‘it

211 3615 364 3672 robbertus:
381 3618 408 3669 el
441 3613 524 3668 uandu
543 3614 653 3685 primum
674 3616 727 3669 dias
742 3583 854 3670 cristina
868 3635 896 3670 sc
912 3581 999 3669 reierl
1011 3611 1108 3681 terris,
1126 3631 1135 3667 r

212 3687 347 3758 subsidio,
365 3694 391 3741 et
433 3686 529 3759 jurabo
547 3686 644 3744 viribus
663 3688 737 3744 nica'r.
750 3688 880 3762 iuterim,
898 3686 1098 3761 quandoquidem
1116 3704 1136 3740 rt

247 3831 287 3908 (ι)
301 3833 335 3888 Et
352 3849 435 3901 mue,
452 3831 519 3903 quod
540 3830 612 3905 ete).
627 3831 763 3899 sessorem,
775 3833 809 3887 si·
844 3831 940 3902 pileum
958 3829 1022 3884 illuc
1038 3829 1136 3885 abducta

213 3923 245 3959 re
263 3904 487 3970 lladriaticum‚ad
504 3904 700 3975 septentrionem
711 3905 809 3959 ltaliae:
846 3903 881 3958 ris
899 3903 990 3958 marito
1016 3903 1136 3974 ajunt31

214 3976 331 4053 offeram
348 3979 404 4033 sire
420 3976 598 4055 Tyrrhenum,
618 3976 650 4030 cd
668 3977 808 4032 meridiem.
845 3979 873 4037 d.
895 3978 961 4045 476.
981 3976 1019 4031 Dc
1037 3975 1136 4030 Laome·

251 4048 291 4122 (e)
308 4049 433 4106 Hesiones
444 4091 453 4119 ,
471 4055 521 4105 cto.
533 4050 552 4122 ).
572 4049 686 4105 Herone
705 4048 812 4103 Laome-
846 4046 943 4120 Georg.
968 4065 992 4100 r.
1016 4049 1076 4103 bos.

214 4122 296 4175 doutis
315 4120 390 4177 lilia:
419 4139 485 4176 uxor
508 4120 653 4176 Telamonis
669 4120 812 4177 &lomenia
882 4118 921 4192 (4)
939 4117 1068 4189 Phenei).
1086 4116 1136 4171 Plu

216 4195 316 4247 insulae
333 4195 416 4266 rogis,
435 4194 503 4249 inter
520 4193 719 4267 Peloponnesum
731 4195 811 4251 ellit·
846 4190 973 4245 Arcadiae
991 4192 1050 4246 urbs
1069 4196 1094 4243 cl
1109 4188 1137 4241 la

215 4268 310 4333 ticam,
330 4266 390 4320 En.
410 4267 436 4321 3.
456 4267 518 4338 476.
539 4264 578 4321 De
595 4264 735 4333 droam,
755 4262 811 4317 Eat.
848 4268 972 4318 urentem.
991 4265 1030 4318 De
1051 4262 1133 4336 Lyctia

217 4339 244 4403 4.
268 4336 310 4389 58.
848 4333 1031 4389 mundabantur
1049 4333 1136 4403 sagitta

255 4406 294 4476 (3)
311 4407 441 4461 visentem
457 4424 540 4478 regna
557 4406 650 4463 sonoris
662 4403 811 4477 Priamum).
848 4409 874 4472 d.
899 4406 958 4471 rbi.
971 4408 1008 4463 Dc
1020 4406 1136 4478 rilornyr

220 4480 274 4538 ,ttii
292 4496 344 4534 nou
364 4479 483 4535 nitentem
502 4479 582 4533 enimi
600 4497 692 4548 cauea,
712 4480 754 4534 sod
773 4496 814 4533 ott·
852 4482 875 4536 b.
895 4476 959 4547 dssl·

669 4744 687 4781 ἱ
