2866 5234
254 339 311 403 tto
629 336 661 397 Ρ.
685 331 849 398 lelGlLll
870 332 1045 401 nnuonts

370 437 505 515 Ingentes
526 439 638 499 animos
658 445 780 512 augusto
799 440 826 496 in
848 443 967 516 pectora
987 444 1127 499 versant:

368 516 469 595 Usque
490 519 563 578 adeo
582 517 680 578 obnixi
703 537 760 582 non
781 519 910 589 cedere,
933 516 1003 579 dum
1024 524 1143 595 grauis.
1165 524 1217 580 aut
1237 519 1312 593 boe.

311 595 352 657 85
371 603 431 661 dut
451 601 529 665 tros,
552 614 639 658 versa
660 598 728 677 tuga
750 601 844 659 victor
864 600 936 659 dare
958 607 1040 675 terga
1060 601 1189 677 subegit.

372 679 411 739 lli
433 688 528 741 motus
550 679 738 749 animorum,
761 686 851 756 atque
871 680 944 740 haee
963 684 1123 742 certamina
1144 685 1236 740 tanta

366 762 496 822 Pulueris
517 761 611 837 exigui
628 758 709 837 jactu
730 777 896 837 compressa
917 762 1078 837 quiescent.

367 840 481 903 Verum
503 842 550 902 obi
572 841 710 901 ductores
730 842 792 900 acie
812 842 998 901 revocaveris
1018 840 1145 913 ambos}

367 918 504 983 Deterior
523 922 573 999 qui
594 923 695 991 uisus,
719 934 811 995 enm,
834 938 872 980 ne
892 920 1028 999 prodigus
1048 924 1148 989 obsit.

307 1000 350 1063 oo
370 1001 451 1062 Dedo
472 1006 555 1063 neci:
579 1000 683 1062 melior
702 1019 795 1063 vacua
816 1005 878 1062 sine
898 1008 1001 1076 regnet
1021 1006 1049 1065 io
1070 1003 1149 1063 aula.

367 1084 453 1143 Alter
471 1084 529 1143 erit
549 1095 560 1124 ¹
585 1080 707 1147 maculis
728 1100 800 1141 auro
820 1080 1021 1161 squalentibus
1041 1085 1168 1144 ardeus:

369 1162 455 1303 qdod:
476 1165 533 1222 diro
554 1168 624 1221 suut
643 1160 759 1241 genera)
784 1162 830 1223 blo
851 1160 976 1229 melior,
999 1165 1118 1239 insignis
1140 1172 1170 1225 et
1189 1180 1266 1235 oros

384 1243 408 1302 't
430 1244 522 1303 rutilis
543 1243 639 1303 claros
660 1246 811 1319 squamis:
834 1243 883 1301 ille
906 1242 1042 1302 horridus
1064 1244 1137 1304 alter

368 1324 486 1383 llusirlia
508 1323 661 1399 latamque
676 1321 795 1385 tralteus
816 1322 952 1399 inglorius
973 1324 1083 1383 alutam.

308 1402 349 1464 tlt
369 1403 406 1462 tu
427 1405 510 1462 binae
531 1420 634 1477 regum
656 1401 770 1471 facies,
793 1407 830 1463 ita
851 1420 972 1478 corpora
995 1407 1111 1477 gentis:

370 1482 503 1562 Namque
524 1484 597 1543 aliae
618 1488 718 1561 turpes
738 1482 882 1549 horrent,
904 1496 958 1540 ceu
980 1485 1097 1560 pulvere
1118 1483 1155 1543 ab
1176 1487 1235 1546 alto

368 1562 444 1623 Cum
465 1576 478 1606 ⁸
502 1566 602 1643 venit,
624 1572 654 1624 et
673 1572 783 1625 terram
805 1567 883 1624 sicco
904 1565 984 1637 spuit
1003 1582 1054 1623 orn
1076 1570 1168 1624 viator

367 1644 490 1707 Aridus:
512 1645 628 1704 elucent
648 1645 746 1711 aliae,
768 1652 798 1702 et
817 1643 928 1717 fulgore
950 1650 1131 1717 coruscant,

370 1726 517 1787 Ardentes
538 1743 634 1795 auro,
656 1730 687 1786 ot
707 1727 823 1801 paribus
844 1724 893 1808 lib
915 1743 1035 1802 corpora
1057 1729 1156 1801 guttis.

292 1806 351 1868 100
372 1805 451 1867 Haec
472 1808 567 1886 potior
587 1806 721 1866 soboles:
745 1806 811 1866 bino
832 1805 903 1864 caeli
926 1811 1060 1882 temporo
1080 1816 1159 1867 certo

371 1887 473 1947 lluleia
497 1887 584 1946 mella
604 1903 737 1963 premes:
763 1902 814 1945 nee
836 1890 948 1945 tautum
970 1886 1088 1962 dulcia,
1112 1893 1252 1966 quantum

372 1966 410 2026 Et
431 1965 536 2044 liquida
557 1964 598 2037 ³,
620 1973 652 2026 et
671 1969 776 2028 durum
798 1963 904 2025 Baccbi
928 1964 1073 2028 domitura
1096 1985 1230 2047 sartorem
1252 1967 1277 2025 l.

367 2047 403 2106 Al
424 2066 492 2105 cum
514 2047 621 2107 ineerta
643 2047 760 2115 volant,
783 2046 923 2122 caeloque
943 2049 1077 2107 examina
1098 2049 1223 2115 ludunt.

368 2125 621 2203 Contemnuntquo
643 2127 747 2192 larus.
769 2133 797 2185 et
818 2124 921 2201 frigida
943 2131 1019 2187 tecta
1040 2129 1233 2208 relinquunt,

293 2201 352 2267 to:
372 2200 530 2267 Instabiles
552 2210 663 2267 animos
684 2200 753 2265 ludo
775 2207 942 2283 prohibebis
963 2210 1052 2267 inani.

598 2334 1064 2391 INTERPRETATIO

211 2463 266 2511 toas
278 2453 412 2529 glandium
425 2473 456 2509 aa
469 2454 530 2511 ilice
542 2463 673 2530 quassata.
687 2456 737 2528 lpsi
749 2474 826 2527 repes
840 2456 866 2508 iu
882 2455 969 2510 mediis
981 2456 1134 2511 exercitibus
1147 2496 1156 2525 ‚
1169 2457 1215 2512 alis
1234 2448 1378 2523 nuratlles,

211 2535 268 2582 tant
280 2544 403 2598 maguum
416 2530 528 2582 animum
542 2532 567 2582 in
581 2547 662 2601 parvo
673 2537 799 2601 corpore:
813 2528 934 2583 obstinati
947 2546 996 2582 non
1011 2528 1140 2594 resedere,
1153 2548 1184 2585 eo
1197 2545 1287 2600 usque,
1301 2542 1379 2598 quos

210 2599 334 2653 terribilis
346 2606 443 2671 cogat,
457 2600 499 2653 rel
512 2602 575 2666 boa,
591 2601 632 2655 rel
644 2601 700 2656 illos
712 2632 721 2668 q
735 2600 798 2654 dare
810 2600 837 2653 io
850 2599 940 2672 fugans
954 2610 1026 2672 terga
1045 2618 1181 2656 conseras.
1196 2602 1248 2654 Hae
1266 2606 1380 2654 commot

208 2673 364 2736 animorum,
375 2680 401 2726 et
417 2671 466 2725 bae
479 2682 562 2727 mutae
576 2690 676 2746 pugnae
688 2675 856 2737 sedabuntur,
869 2690 1000 2744 repressae
1009 2672 1080 2746 jactu
1089 2675 1177 2743 exigui
1189 2674 1307 2743 pulveris.
1318 2672 1370 2726 sse

208 2759 286 2815 quam
298 2745 458 2798 ιιιοιιιοιίι
470 2762 486 2797 a
499 2762 587 2816 pugna
598 2747 716 2817 geminos
729 2761 802 2817 reges
814 2778 822 2809 ‚
836 2746 868 2797 da
882 2746 938 2799 oeci
951 2761 1022 2812 eum,
1036 2745 1079 2816 qui
1094 2745 1255 2819 virassaerit
1268 2742 1349 2816 pejor,
1360 2758 1379 2795 n

208 2823 265 2869 neat
277 2811 534 2872 consumendocl'boe
544 2836 555 2879 ,·
567 2824 593 2871 et
606 2819 724 2889 permitte
736 2825 764 2869 ιιι
776 2816 867 2871 melior
880 2832 971 2889 regnet
985 2819 1012 2871 in
1030 2818 1106 2871 doato
1124 2836 1206 2872 sacua
1225 2817 1258 2871 ab
1275 2818 1362 2872 burte.
1376 2860 1379 2869 ι

208 2889 259 2941 erit
275 2887 374 2942 lucidus
387 2889 453 2941 uotis
465 2906 530 2943 auro
542 2889 652 2960 aspersis
663 2890 733 2959 (sum
742 2891 810 2943 euim
820 2888 870 2942 duo
882 2907 964 2957 apum
973 2889 1082 2961 genero)
1092 2891 1135 2944 bic
1144 2887 1235 2944 melior
1245 2899 1285 2944 eat
1297 2890 1378 2943 torma

208 2960 271 3013 eber
283 2997 291 3026 ‚
305 2968 331 3014 et
343 2958 429 3015 clarus
440 2963 554 3032 squamis
569 2959 750 3017 rutilantibus:
765 2960 832 3015 alter
844 2961 889 3014 ille
902 2962 1021 3016 horridus
1033 2972 1072 3015 eat
1084 2963 1191 3031 ignaria
1203 2999 1212 3026 ‚
1224 2969 1250 3015 et
1271 2965 1376 3014 trabeas

208 3048 288 3103 guam
300 3031 386 3087 airum
399 3033 453 3087 siue
465 3036 568 3087 bonore.
583 3033 617 3089 Ut
629 3036 749 3108 geminae
770 3034 946 3089 aunt'loraroe
966 3050 1059 3108 regum
1074 3075 1083 3101 ‚
1096 3036 1131 3089 ita
1143 3035 1241 3105 speeies
1253 3031 1353 3104 gentis.
1367 3031 1379 3086 l

208 3117 259 3176 que
270 3102 338 3157 aliae
348 3121 409 3175 apes
422 3106 526 3159 horrent
537 3106 645 3176 foedae,
660 3106 875 3178 quemadmodum
887 3107 988 3168 viator,
1002 3104 1045 3178 qui
1059 3107 1130 3160 venit
1140 3123 1173 3159 ex
1189 3108 1244 3161 loen
1264 3102 1338 3156 vuldo
1358 3119 1379 3173 pr

211 3174 330 3243 rulaolo‚
342 3182 367 3229 el
378 3176 522 3231 sitibundus
534 3188 639 3233 excreat
652 3181 783 3249 pulvereus
796 3197 839 3230 ore
851 3180 920 3232 sicco
932 3196 939 3232 ι
953 3178 1018 3232 aliae
1031 3181 1119 3233 lucent
1129 3187 1155 3231 el
1169 3174 1268 3231 luteum
1286 3175 1379 3245 splend

207 3248 328 3301 ardentes
338 3250 501 3316 corporibus,
516 3268 582 3320 quae
594 3264 698 3320 aspersa
710 3260 774 3303 aunt
787 3266 851 3302 auro
864 3257 888 3303 el
899 3249 1025 3303 similibus
1039 3254 1114 3303 notis.
1130 3250 1182 3303 lloc
1194 3262 1276 3321 genus
1288 3247 1378 3300 arelius

209 3334 240 3373 ex
254 3320 292 3372 Ιιίι
302 3319 427 3389 expnmea
439 3328 504 3373 statu
516 3323 576 3373 unni
591 3330 704 3393 tempore
717 3323 766 3373 mel
779 3321 873 3374 dolce:
888 3337 935 3373 uec
949 3329 999 3374 tam
1013 3323 1099 3390 dulce,
1113 3331 1344 3392 quadraminum,
1358 3327 1379 3372 et

209 3393 352 3459 ligaturam
365 3406 482 3459 asperam
496 3391 548 3444 rim
565 3395 628 3445 sini.
643 3397 678 3448 nt
691 3410 750 3447 eum
763 3394 882 3446 examina
896 3392 981 3444 volant
994 3395 1102 3459 incerta,
1114 3400 1140 3445 at
1154 3394 1244 3446 ludunt
1256 3409 1301 3465 per
1310 3407 1379 3444 aeret

210 3464 345 3520 tasnatum
354 3460 426 3516 larua
438 3498 447 3530 ,
460 3472 487 3515 et
497 3462 619 3517 deserunt
631 3465 747 3518 alvearia
760 3464 872 3532 inania,
886 3465 1019 3518 resecabis
1029 3466 1127 3520 animoa
1141 3467 1245 3519 mobiles
1264 3470 1296 3518 ab
1314 3462 1379 3518 inuti

241 3637 283 3700 (ι)
301 3635 372 3687 Alter
387 3631 444 3685 erili
461 3632 524 3695 ete.)
539 3632 586 3683 tlt.
605 3636 692 3686 PARS.
712 3633 752 3685 De
769 3649 810 3682 oa·
845 3635 961 3685 admouet
977 3636 1087 3687 Servitus.

209 3704 254 3752 riis
270 3721 344 3766 cpiam
360 3698 496 3762 spectetis.
524 3702 592 3750 Duae
615 3708 690 3752 serait:
721 3695 810 3759 rusae,
877 3702 919 3764 (l)
937 3701 1026 3752 Bacchi
1043 3700 1378 3770 dourilurasnponens.)l·'el

209 3783 273 3835 quae
289 3769 412 3826 minores:
428 3772 451 3814 el
469 3765 553 3830 nigrae
571 3770 694 3833 stragisque
711 3765 811 3825 variae,
845 3783 898 3816 sum
917 3768 1044 3830 iutelligit,
1056 3768 1122 3835 quod
1132 3760 1204 3819 lieirat
1216 3770 1310 3818 duabus
1322 3770 1374 3820 vini

210 3849 273 3901 qnae
290 3836 402 3901 majores.
420 3831 500 3883 Prima
526 3834 619 3899 species
644 3833 742 3883 melior.
761 3836 812 3884 ltu-x
844 3833 920 3891 errris,
945 3835 1055 3884 admixta
1074 3834 1153 3884 meliis
1175 3853 1242 3884 uua:
1266 3835 1304 3885 uel
1323 3852 1379 3901 quor

210 3898 818 4035 tt'tllttttt‘ttttlltt.tiddtltit
848 3898 1379 4035 lilt‘tt‘titt:,titillf¹t.¹i¹.'¹'t‘¹

211 4031 279 4080 Vide
297 4050 370 4099 supra
390 4048 414 4080 r·
437 4031 474 4081 13.
847 4030 905 4083 diue
915 4032 985 4096 sorte¹
1001 4032 1116 4082 miscebat
1132 4032 1205 4083 mella
1222 4030 1335 4085 Falerno
1352 4006 1379 4083 mi

244 4103 283 4162 (a)
301 4097 352 4146 Ceu
370 4097 471 4163 pulvere
490 4098 520 4148 ab
536 4097 816 4161 altoCumelelcom·
846 4107 873 4149 ιι
892 4132 897 4145 .
917 4131 923 4144 .
943 4131 950 4146 .
968 4097 1022 4147 teni
1042 4101 1195 4163 praecordio
1222 4099 1302 4151 malso
1326 4114 1379 4164 prot

211 4169 281 4228 parat
297 4162 424 4212 horridam
443 4166 564 4217 secundae
579 4164 668 4232 apr-ciel
678 4165 817 4228 nigritiem,
848 4162 949 4212 mellissa
966 4179 1024 4228 ergo
1041 4162 1170 4229 distinguit
1188 4164 1305 4215 Horatius
1321 4164 1379 4215 luant

211 4229 248 4275 vel
267 4243 321 4278 cum
341 4229 410 4277 rultu
428 4229 561 4299 imbituque
579 4232 694 4293 viatoris,
705 4231 746 4297 qui
763 4232 829 4299 pul-¹
850 4237 1038 4294 temperaturam
1050 4245 1064 4278 a
1076 4234 1163 4280 ιιιιιΙιο.
1175 4232 1210 4280 lta
1221 4231 1379 4295 Cerdanus.Q

211 4311 270 4344 vere
287 4310 317 4342 ac
333 4293 422 4342 sudore
439 4295 531 4347 obsitus
548 4298 624 4365 spuit:
641 4299 679 4347 vel
693 4314 750 4347 cum
764 4312 816 4363 ipso
846 4312 920 4362 quana
937 4294 996 4344 mibi
1015 4301 1090 4355 vetat,
1109 4297 1133 4344 iu
1151 4311 1180 4346 eo
1196 4295 1308 4346 darnnari
1321 4299 1378 4347 Auli

211 4359 281 4409 illiue
296 4366 385 4425 apulo·
410 4363 496 4423 quod,
522 4365 547 4413 iu
566 4364 663 4415 foedum
680 4365 771 4415 salivae
786 4378 816 4414 ao
847 4363 878 4411 ab
896 4362 1006 4423 Horatio¹
1022 4361 1088 4429 quod
1106 4360 1147 4409 ille
1165 4361 1269 4411 mulsum
1290 4376 1372 4410 noue

213 4433 291 4475 terrae
309 4424 436 4498 globulum
453 4426 519 4478 borni
536 4430 671 4497 colligitur.
848 4426 906 4479 leri,
922 4427 963 4477 sed
983 4443 1069 4491 rqiero
1085 4427 1192 4480 Falerno
1201 4426 1322 4481 condiret·
1335 4428 1370 4478 De

245 4490 286 4554 (3)
302 4489 440 4562 Liquuda.)
457 4492 520 4541 Pura
538 4503 562 4544 et
578 4498 630 4547 aine
654 4498 736 4547 faece:
753 4510 815 4563 quae
846 4496 914 4562 cbo,
931 4492 987 4548 Eci'.
1005 4494 1029 4548 5.
1044 4491 1085 4560 69.

216 4558 284 4610 euim
300 4556 403 4610 omnino
421 4554 514 4622 liquo
529 4568 602 4625 aunt,
619 4560 683 4615 mala
699 4569 774 4629 suut,
791 4568 818 4612 ut

497 4670 519 4699 ..Ι
