2866 5234
314 329 372 392 uuo
683 329 714 388 r.
739 294 897 388 vrnursn
918 323 1090 388 nunonis

432 445 644 523 Frnxineseque
663 446 781 507 trebosz
804 446 902 505 cureio
923 449 951 502 et
972 441 1060 503 tissito
1081 441 1169 503 robur

432 525 594 587 Scinditur:
619 528 772 587 advolvunt
792 527 919 597 ingentes
939 524 1079 583 montibus
1098 540 1195 584 ornos.

433 607 545 666 Necnon
567 606 671 667 AEoeus
690 620 777 685 opera
798 606 870 664 iuter
893 604 958 665 teitu
979 606 1086 680 primus

431 685 572 747 Hortatur
592 688 707 757 socios,
730 686 903 762 paribusque
923 685 1082 760 accingitur
1101 684 1188 744 ermis
1207 692 1230 743 ¹.

358 764 415 826 tut
436 770 529 846 Atque
549 766 621 828 haee
642 770 701 843 ipse
721 783 773 826 ruo
795 767 869 826 tristi
890 782 954 826 oum
975 766 1063 824 corde
1083 766 1214 831 rotutrt,

433 846 605 925 demortuos
623 849 725 906 situum
745 848 934 920 immensum
958 849 988 904 et
1007 845 1049 904 sio
1068 861 1120 905 ore
1139 848 1293 921 promturi

434 927 463 985 Si
486 945 561 986 nuuc
581 928 711 987 cenobio
732 925 777 984 itte
796 942 904 985 urrreus
923 927 1027 986 arbore
1048 942 1143 985 comus

433 1007 572 1068 Ostendet
591 1022 707 1067 nemore
728 1007 755 1063 in
776 1010 879 1065 tento:
902 1004 1016 1083 quarido
1035 1005 1132 1065 omniu
1152 1020 1221 1062 rere

435 1087 501 1148 Heu
524 1087 642 1158 nimium
662 1085 697 1145 de
718 1093 746 1144 te
767 1092 866 1157 vates,
890 1091 1017 1154 ttisene,
1039 1085 1130 1144 tooutu
1149 1089 1203 1142 nst.
1328 1082 1331 1087 '

360 1165 418 1229 too
438 1170 493 1229 Vix
512 1186 543 1226 ea
566 1165 641 1225 tutus
660 1173 743 1236 erut,
766 1168 894 1241 geminae
914 1184 980 1226 oum
1001 1163 1077 1226 torto
1096 1163 1246 1224 columbae

437 1247 502 1326 ipsa
523 1246 576 1309 sub
596 1264 645 1307 ore
667 1246 721 1307 viri
741 1244 821 1306 coelo
841 1248 944 1309 vendre
962 1245 1109 1314 volentes.
1176 1300 1179 1305 ,

371 1327 376 1335 ’
437 1328 473 1388 Bt
492 1328 576 1387 viridi
596 1326 695 1388 sedere
714 1329 796 1386 soto:
819 1335 879 1387 tum
901 1328 1041 1387 mouimus
1062 1327 1147 1386 heros

433 1408 578 1467 Maternus
598 1408 723 1485 agnoseit
742 1424 813 1466 uros
832 1414 869 1482 ²,
894 1407 1040 1482 tuetusque
1061 1409 1216 1482 precatur:

251 1558 256 1568 ,
438 1485 505 1549 Este
526 1489 611 1547 duces
632 1502 671 1555 o,
692 1489 771 1564 eiquo
794 1488 840 1546 viu
861 1494 926 1548 est:
951 1504 1123 1566 cursumque
1143 1503 1194 1562 per
1211 1504 1300 1548 ture·

359 1568 416 1631 tto
436 1567 555 1642 Dirigite
576 1570 603 1625 in
625 1567 725 1642 tucos,
749 1567 796 1627 ubi
819 1568 950 1646 pinguem
971 1567 1050 1627 diros
1069 1575 1170 1644 opuout

434 1650 541 1707 Romus
563 1648 702 1706 humum:
725 1658 812 1724 tuque
832 1665 849 1706 e
869 1647 962 1710 dubiis
983 1667 1018 1708 ne
1038 1647 1127 1708 defice
1148 1647 1253 1716 reduc.

435 1728 505 1788 Diva
528 1746 641 1804 pareus.
665 1727 711 1787 Sic
731 1728 854 1799 effatus,
874 1729 992 1805 uestigio
1014 1729 1137 1806 pressit.

433 1809 597 1871 Obeervuue
616 1826 691 1886 quae
711 1811 788 1885 sigua
807 1808 920 1878 ierunt.
941 1827 997 1886 quo
1018 1809 1130 1868 tendere
1149 1810 1278 1886 pergam.

378 1886 381 1893 '
439 1892 586 1949 vescentes
608 1892 672 1951 ittue
692 1898 799 1949 tentum
820 1892 935 1967 prodire
959 1890 1076 1949 rotando
1097 1896 1131 1958 ¹,

338 1968 416 2029 ⁴200
435 1967 579 2041 Oriautum
601 1975 662 2030 ocio
685 1981 801 2046 possent
820 1970 895 2031 oorrtt
916 1988 1029 2031 serrare
1049 1971 1230 2044 sequentum.

439 2049 505 2108 inde
527 2046 573 2106 ubi
595 2050 699 2110 vendre
718 2054 753 2110 ed
774 2049 870 2110 iunceo
891 2050 1077 2126 graveolentis
1096 2048 1200 2109 Averni
1220 2046 1256 2122 ι;

440 2125 557 2186 Tottuut
576 2145 607 2188 ee
627 2130 758 2199 eeteros,
780 2127 977 2208 liquidumque
997 2147 1048 2209 per
1069 2131 1136 2191 oiim
1156 2131 1275 2205 lapsae,

440 2205 558 2266 Sedibus
579 2211 681 2284 optetis
701 2213 812 2287 gemina
833 2229 921 2287 super
944 2213 1047 2272 orbore
1067 2210 1173 2270 sidunt.

350 2358 353 2363 Α
438 2285 570 2348 Itiecotor
588 2294 600 2322 ⁸
621 2290 696 2350 uode
714 2294 775 2350 ouri
795 2308 845 2368 per
867 2309 964 2352 remos
983 2310 1053 2352 auru
1074 2288 1194 2353 reiutsit·
1231 2299 1237 2311 “

682 2426 1097 2485 ῙΝΤΕΒΡΒΕΤΑΤΙΟ

281 2546 383 2603 rumis:
401 2546 504 2602 volvunt
522 2564 537 2599 e
554 2547 680 2602 montibus
696 2566 804 2622 mugnus
821 2566 906 2604 orum.
923 2550 1020 2604 AEoeus
1041 2566 1139 2620 quoque
1166 2548 1234 2603 iuter
1255 2548 1357 2605 uteris

283 2636 340 2674 urus
355 2621 441 2673 inritet
456 2620 534 2673 sorim
543 2660 553 2689 ,
571 2626 597 2673 et
613 2620 744 2676 instruitur
758 2623 882 2676 similibus
902 2622 1083 2676 instrumentis.
1103 2621 1207 2676 iuterim
1225 2622 1277 2692 ipre
1293 2621 1357 2677 ord

280 2709 329 2746 uuo
346 2710 403 2745 cunr
421 2691 505 2745 animo
520 2696 634 2757 meato,
653 2694 753 2749 intuens
770 2695 903 2765 ingentem
920 2696 1031 2761 uiltem3
1050 2702 1077 2747 et
1093 2693 1129 2748 ite
1143 2700 1199 2746 oret
1215 2709 1295 2748 rodet
1314 2691 1340 2747 0

283 2781 368 2819 motus
385 2779 476 2818 oureus
492 2769 610 2818 monstret
624 2782 652 2818 se
667 2766 740 2821 nobis
759 2768 785 2819 iu
803 2774 871 2821 mute
887 2765 953 2820 silve
968 2785 976 2819 ι
994 2768 1134 2836 siquidem,
1152 2781 1168 2818 o
1183 2764 1298 2832 nuuc,
1316 2765 1357 2820 Sil

236 2874 239 2879 -
283 2853 343 2890 rere
359 2837 423 2890 dixit
440 2842 530 2889 crocu
547 2836 579 2889 de
597 2843 632 2892 te.
650 2838 700 2892 Vix
715 2840 814 2893 locutus
830 2844 888 2890 eret
904 2839 972 2904 ἰείη
989 2838 1088 2908 quoodo
1103 2838 1169 2892 duee
1185 2836 1358 2892 eoiunbuet'u

284 2915 322 2962 tes
339 2925 384 2978 per
399 2911 483 2963 serem
501 2915 626 2962 venerunt
641 2909 669 2963 io
683 2911 764 2982 ipsum
782 2916 942 2982 conspertum
960 2909 1088 2975 hominis,
1105 2917 1132 2962 et
1146 2915 1268 2963 steterunt
1283 2908 1312 2961 iu
1329 2907 1358 2961 ri

283 2980 357 3033 Tune
372 2980 497 3033 maximus
513 2979 590 3033 trecor
604 2986 719 3052 agnoscit
735 2983 849 3037 roturres
865 2981 1054 3046 matrissuae,
1074 2988 1101 3034 et
1113 2981 1229 3053 gaudeus
1244 2978 1354 3034 oretrss

284 3050 379 3119 duces,
397 3053 418 3105 si
435 3058 474 3104 est
490 3053 574 3122 ulique
588 3051 648 3118 νίας
666 3061 691 3109 et
708 3074 740 3109 ex
757 3060 817 3108 edre
835 3054 940 3126 dirigite
967 3054 1016 3106 iter
1042 3070 1126 3107 meum
1153 3054 1179 3107 iu
1206 3051 1321 3120 sitnm,
1347 3068 1359 3105 u

284 3125 407 3193 pretiosor
425 3122 552 3177 inumbret
560 3132 661 3178 'terrem
679 3126 841 3181 foecundum
860 3135 885 3181 et
899 3133 937 3189 tu,
955 3142 971 3178 o
986 3126 1036 3178 dee
1053 3131 1152 3190 meter,
1173 3141 1204 3178 ue
1220 3124 1310 3178 desere
1325 3142 1360 3179 nr

284 3198 393 3251 incertis.
412 3193 455 3247 sic
471 3196 566 3249 loeutus
582 3198 708 3267 continuit
728 3203 839 3268 pedem,
866 3199 1001 3268 explorem
1027 3210 1092 3265 quoe
1109 3198 1169 3250 deut
1184 3196 1296 3263 incidie,
1321 3212 1360 3267 qut

284 3267 333 3324 ire.
348 3266 410 3321 lttee
427 3273 555 3337 poscentes
571 3268 710 3339 coeperunt
725 3277 821 3323 tuntum
841 3270 960 3341 progredi
976 3268 1149 3332 subsidendo,
1177 3274 1298 3339 quantum
1315 3282 1361 3322 ocu

284 3339 348 3393 tium
365 3342 479 3410 poterent
494 3338 626 3393 obtenere
651 3341 710 3397 oreo
738 3343 889 3398 acutissimo.
907 3341 1006 3394 Deinde
1028 3347 1156 3413 postquem
1178 3345 1350 3410 perreuemmt

284 3408 374 3466 foetidi
390 3410 509 3464 Averni:
528 3413 643 3464 uttottuut
658 3430 686 3465 se
704 3414 823 3477 retooes,
849 3419 875 3466 et
899 3415 1001 3483 etopsoe
1029 3430 1076 3484 per
1100 3418 1186 3467 nerem
1205 3423 1306 3465 tenuem
1325 3411 1361 3465 sir

287 3484 341 3539 Ιοοο
356 3499 433 3553 cuper
450 3481 557 3553 gemine
572 3482 685 3552 arbore,
713 3486 782 3538 uude
798 3486 915 3556 epteodor
932 3487 987 3538 euri
1005 3484 1129 3538 dissimilis
1146 3486 1240 3539 ooturis
1255 3485 1360 3539 emiorm

323 3623 362 3698 (ι)
379 3625 496 3698 Armis)
521 3623 678 3693 Securibus,
705 3627 878 3683 instrumentis
912 3628 993 3682 iorum
1010 3629 1168 3700 augurium,
1197 3625 1264 3698 quod
1288 3627 1364 3700 optim

287 3700 305 3751 i'
326 3704 451 3753 uotorum.
471 3699 515 3752 Sic
540 3698 708 3752 instrumente
733 3705 875 3771 pistorum,
912 3701 1045 3769 baturpri
1065 3705 1194 3770 poscerent
1210 3698 1282 3770 putii.

323 3787 348 3828 u.
374 3787 399 3824 r.
424 3767 624 3825 181.dicuutur
645 3770 765 3827 Cercetio
789 3791 874 3827 omno.
945 3771 988 3844 (4)
1006 3771 1103 3828 Fauces
1121 3770 1246 3842 Averni).
1265 3770 1304 3825 tu
1327 3788 1358 3825 oe

287 3837 341 3896 Nee
357 3840 493 3896 dedeoehut
509 3842 578 3911 pium
595 3844 738 3915 prinoipem
752 3847 814 3900 hoec
826 3846 877 3916 pie·
911 3846 992 3899 oerus'
1007 3844 1083 3911 tecue,
1102 3860 1152 3914 que
1169 3851 1311 3914 purteeum
1321 3846 1366 3899 [ιι

287 3914 325 3963 tus
342 3913 370 3966 iu
386 3921 509 3968 mortuos.
914 3918 1089 3984 committitur,
1101 3924 1129 3968 ut
1145 3918 1263 3982 diximus,
1281 3916 1367 3989 Georr

324 3983 363 4056 (ι)
378 3986 507 4040 Maternus
523 4003 581 4041 ures
592 3988 611 4060 ).
623 3986 766 4054 Columba,
779 3988 813 4043 ob
829 3984 880 4042 foe·
916 3986 965 4040 tite
983 3988 1073 4042 tottunt
1091 4006 1118 4041 ee
1135 3988 1265 4042 rotumbse
1282 3989 1310 4043 iu
1327 4006 1367 4041 uru

288 4057 443 4113 eunditutern
461 4058 556 4112 Veneri
572 4061 879 4127 ceommundum.
915 4058 988 4113 modo
1010 4066 1038 4111 ut
1056 4060 1212 4130 pestilentem
1240 4061 1309 4115 iscus
1333 4060 1368 4114 tre

323 4126 364 4199 (3)
380 4126 554 4186 Pascentes...
574 4132 681 4187 volendo
690 4131 710 4205 )
728 4132 881 4204 Nou,pusis
915 4137 979 4198 teut3
996 4130 1039 4184 sed
1059 4139 1085 4184 ut
1102 4133 1129 4186 iu
1146 4133 1259 4187 arborem
1271 4133 1369 4187 ricino

290 4199 318 4250 iu
335 4204 419 4252 ee'reur
436 4204 483 4255 otis
500 4204 629 4260 rotundo:
651 4204 823 4274 tumquiesio
836 4219 879 4273 pe·
915 4203 941 4256 in
959 4218 1039 4275 euque
1056 4204 1176 4260 detentum
1196 4208 1294 4258 rumuiu
1313 4218 1369 4261 otto

289 4278 878 4418 {⁰51⁶tiutt‘tttottttttt’t
914 4291 989 4418 Ἣ
1006 4276 1371 4419 itttt⁰ni¹²tto'··t

292 4409 433 4493 cedrium,
449 4419 475 4466 et
497 4415 564 4469 inter
580 4367 728 4488 parcendura
746 4415 881 4473 rotitrtruu
915 4434 1000 4484 eurem
1018 4420 1061 4474 sed
1081 4420 1105 4473 in
1125 4422 1184 4475 idco
1199 4420 1294 4484 viridi,
1314 4438 1372 4479 rur

290 4482 508 4554 eternumque.-
528 4490 670 4560 Aduditque
690 4500 760 4560 pineto
778 4491 811 4547 ud
827 4490 882 4561 put·
905 4507 1026 4562 eureus,
1054 4510 1103 4565 quo
1126 4494 1211 4549 artur
1226 4492 1326 4552 οιὺὺιι
1343 4498 1372 4555 rt
