2866 5234
243 315 300 378 392
604 309 634 369 P.
660 307 816 369 tttthtlt
836 304 1009 368 MARONlS

360 416 471 475 Decidit
491 416 652 485 exanimis,
674 416 821 489 vitamque
841 411 960 486 reliquit
980 413 1006 468 in
1028 413 1114 470 astris
1188 466 1191 470 ,
1222 428 1225 436 ·

360 496 478 565 Airita,
502 494 643 571 fixamque
665 491 757 554 relert
775 489 888 571 delapsa
911 493 1056 563 sagittam.

362 576 473 634 Amissa
495 572 687 651 solus·palma
706 572 858 647 superabat
878 573 1017 629 Acestes:

283 654 341 716 520
361 651 417 724 Qui
439 654 706 714 tnmen'aettrereae
727 654 816 712 telum
837 652 977 710 contorsit
996 650 1024 706 in
1046 665 1153 716 auras,
1183 692 1186 697 .

361 733 516 794 Ostentans
535 741 628 795 artem
650 735 759 809 pariter
777 747 931 807 arcumque
950 737 961 763 ¹
982 731 1141 787 sonantem.
1223 760 1228 769 ·

360 810 417 873 Hic
438 814 529 875 oculis
548 813 644 874 subito
662 811 798 889 objicitur
819 826 980 884 magnoque
1000 807 1125 868 loturum

363 894 487 972 tugurio
507 897 693 958 monstrum:
714 891 812 950 docuit
832 896 897 967 poet
916 895 930 925 ²
949 889 1043 948 exitus
1063 885 1182 963 ingens,

363 970 491 1049 Senaque
510 980 521 1008 ⁸
542 971 662 1033 terrifici
683 971 848 1032 cecinerunt
867 972 963 1028 omina
984 973 1074 1025 vates.

285 1050 343 1111 525
364 1053 496 1129 Namque
517 1052 615 1114 volans
635 1049 752 1128 liquidis
771 1049 800 1107 in
820 1047 941 1109 nubibus
960 1050 1031 1107 arsit
1048 1046 1156 1105 arundo
1175 1047 1211 1117 ⁴,

309 1168 315 1179 ·
362 1131 547 1209 signavitque
566 1132 643 1199 viam
666 1130 813 1198 dammis,
834 1133 993 1202 tenuesque
1014 1124 1134 1186 recessit
1165 1168 1170 1180 ,
1213 1144 1224 1157 ·

361 1210 536 1286 Consumpta
549 1212 584 1270 in
606 1214 727 1270 ventos:
748 1207 830 1283 coelo
849 1225 902 1267 ceu
923 1223 1009 1284 saepe
1029 1201 1125 1275 refixa
1191 1247 1194 1252 .

362 1289 597 1358 Transcurrunt.
619 1291 782 1365 crinemque
801 1288 923 1349 volantia
944 1287 1036 1346 sidera
1057 1283 1174 1345 ducunt
1237 1318 1240 1325 ·

364 1370 499 1430 Attonitis
521 1371 641 1430 lvacsere
661 1369 783 1443 animis,
805 1367 987 1446 superosque
1007 1362 1114 1442 precati
1196 1374 1199 1385 ·

287 1452 345 1509 530
365 1447 506 1509 l'rinncrii
528 1449 689 1523 Teucrique
709 1450 788 1508 viri:
810 1463 863 1506 nec
884 1449 1028 1506 maximus
1049 1458 1134 1503 omen

368 1527 472 1588 Abnuit
491 1527 599 1589 AEneas
618 1536 653 1582 ⁵:
677 1529 724 1586 sed
745 1528 852 1587 loetum
871 1528 1023 1605 amplexus
1043 1526 1168 1584 Acesten

367 1607 538 1669 Muneribus
557 1606 686 1667 cumulet
705 1611 838 1684 mugnis,
858 1622 893 1665 nc
914 1605 980 1666 talia
1003 1605 1100 1665 latur:

368 1688 476 1758 Sume,
498 1696 602 1764 pater,
626 1705 694 1746 nom
716 1694 742 1744 te
764 1690 853 1746 votuit
875 1703 924 1746 rex
944 1702 1064 1758 magnus
1083 1680 1200 1760 Olympi
1222 1754 1226 1763 Ι

370 1769 393 1826 'l
395 1767 486 1828 atibus
505 1768 639 1845 auspiciis
658 1771 801 1826 exsortem
821 1766 926 1826 ducere
947 1767 1085 1825 bonorem
1107 1768 1130 1818 ⁸.

623 1865 1039 1923 tttruttuttutauto

206 1951 287 2004 libero
304 1958 329 2003 et
344 1952 501 2021 plaudentem
519 1952 589 2018 alis,
617 1950 750 2004 transfodit
767 1969 823 2005 enm
841 1951 907 2004 inter
924 1949 1038 2004 obscuras
1055 1949 1141 2002 nubes.
1160 1942 1246 2002 Cadit

208 2023 291 2074 amisit
308 2024 386 2075 vitam
404 2022 429 2074 in
446 2025 520 2075 astris
534 2022 697 2089 coelestibus,
715 2028 740 2074 et
758 2021 844 2075 labens
860 2023 936 2076 relert
951 2024 1069 2092 sagittam
1085 2017 1209 2072 infixam:
1227 2016 1248 2072 Δ

209 2094 252 2146 bat
269 2092 335 2144 sulus
350 2094 442 2146 amissd
457 2094 584 2147 victoria:
603 2093 646 2162 qui
663 2100 747 2145 tamen
764 2093 887 2146 evibravit
902 2093 1019 2163 sagittam
1037 2094 1062 2145 in
1080 2096 1162 2160 aerem
1178 2089 1248 2143 sublit

209 2172 264 2217 tans
279 2164 353 2215 simul
371 2163 517 2217 industriam
535 2171 562 2218 et
578 2165 687 2216 sonitum
704 2180 779 2217 arcus
795 2164 847 2219 rui.
865 2164 932 2215 Tum
954 2165 1064 2231 occurrit
1080 2163 1160 2216 oculis
1176 2160 1249 2232 prodi

208 2237 288 2287 tinum
306 2241 331 2287 et
348 2232 459 2287 futurum
553 2252 570 2286 o
587 2235 686 2287 omini:
707 2237 795 2304 ingens
811 2251 881 2288 casus
899 2236 949 2289 hnc
965 2237 1084 2303 explicuit
1099 2240 1204 2304 postea,
1227 2238 1250 2285 at

212 2307 252 2359 lici
270 2306 459 2359 declaraverunt
474 2252 571 2360 wan
588 2305 790 2374 praedictionem.
809 2305 874 2359 Nam
890 2305 987 2377 sepulte
1003 2308 1142 2360 arundinea
1164 2305 1250 2358 volana

209 2385 246 2429 est
264 2379 432 2429 interserens
448 2377 550 2444 nubes,
566 2383 593 2429 et
612 2377 672 2447 igne
690 2378 785 2429 notavit
801 2376 870 2445 iter,
890 2383 915 2430 et
931 2376 1060 2447 eburmpts
1076 2377 1179 2430 evanuit
1194 2377 1221 2429 iu
1231 2375 1251 2428 rlv

209 2446 414 2517 quemadmodum
430 2462 506 2518 saepe
526 2447 611 2501 stellae
626 2448 743 2501 cadentes
760 2465 775 2500 e
791 2449 862 2502 coelo
877 2453 1022 2514 transeunt,
1041 2456 1067 2502 et
1085 2449 1197 2501 volantes
1213 2453 1252 2500 us

210 2534 318 2573 comam.
336 2519 416 2574 Siculi
435 2519 591 2591 'l'rojanique
608 2519 657 2570 viri
672 2526 791 2572 steterunt
819 2518 946 2590 stupefacti
963 2521 1071 2588 animo,
1097 2529 1122 2573 et
1146 2535 1253 2572 oraveru

211 2589 336 2644 maximus
355 2591 450 2644 AEneas
464 2606 517 2644 non
534 2589 620 2661 rejecit
640 2607 724 2657 nmen3
743 2592 785 2644 sed
802 2593 930 2663 amplexus
948 2591 1052 2645 Acesten
1066 2610 1122 2647 envrr
1140 2596 1214 2644 ornat
1231 2607 1253 2642 nr

213 2666 239 2713 et
256 2662 317 2715 talia
331 2660 408 2715 dicit:
426 2662 537 2733 Accipe,
557 2677 574 2712 o
592 2669 681 2731 pater,
700 2680 760 2717 nam
777 2663 867 2716 talibus
883 2663 1009 2735 prodigiis
1025 2680 1134 2732 magnus
1160 2679 1207 2716 rex
1223 2677 1254 2715 cn

210 2731 303 2787 babere
320 2733 445 2787 honorem
462 2730 701 2790 sausordinarinm.
721 2733 827 2789 llabebis
842 2734 889 2789 boc
906 2753 995 2789 munus
1013 2737 1089 2806 ipsius
1106 2734 1173 2789 aenis
1188 2730 1255 2788 Aust

247 2873 287 2945 (r)
303 2874 416 2942 Pariter,
434 2875 600 2959 arcumque).
621 2874 730 2930 Pariter
744 2876 804 2929 ulti·
836 2877 903 2930 inter
919 2879 1005 2933 nubila
1022 2861 1187 2950 conciperet:
1208 2892 1257 2948 qno

213 2962 280 3013 mam
296 2946 398 2999 brevem
414 2945 457 3001 bic
481 2947 597 3017 producit
623 2945 746 3019 mqueutd
760 2966 803 3001 ro·
836 2950 1037 3004 exhalationibus
1066 2951 1093 3001 in
1122 2950 1199 3002 altum
1227 2950 1258 3000 ai

215 3017 285 3081 cali,
305 3024 409 3087 propter
425 3034 565 3074 caesuram.
836 3021 982 3074 Aristoteles
1000 3022 1046 3073 ait.
1065 3022 1104 3074 lle
1121 3021 1214 3089 atellei,
1231 3025 1259 3072 ut

253 3087 291 3159 (s)
308 3087 426 3156 Augurio
441 3090 601 3144 Monstrum:
626 3090 711 3143 decuit
726 3097 801 3160 post,
836 3097 883 3157 tat,
901 3092 1053 3147 endentidua
1068 3093 1152 3162 quales
1168 3099 1195 3145 et
1211 3090 1260 3146 und

215 3157 297 3228 etc).
316 3159 459 3230 Aepuriarna
476 3163 578 3232 proprie
595 3162 656 3230 qnid
672 3163 724 3226 sit·,
743 3161 806 3215 dixi·
839 3165 934 3229 ximus,
954 3162 1041 3232 Georg
1074 3182 1095 3217 r.
1115 3163 1176 3217 365.

217 3246 273 3284 mus
290 3225 354 3284 AEu.
374 3248 400 3282 n.
420 3229 482 3314 pol.
501 3232 547 3286 llic
573 3248 619 3302 pro
647 3232 759 3302 quolibet
774 3234 806 3286 si·
874 3234 913 3303 (5)
932 3235 1074 3288 Necomen
1083 3233 1262 3288 sbnuitAEner

216 3318 280 3373 guo,
290 3318 320 3355 ac
331 3317 448 3372 presagro
460 3301 603 3357 futurorum
621 3310 756 3357 eventuum
767 3321 807 3357 su·
839 3307 932 3360 buisset
946 3308 1077 3374 aversari,
1102 3307 1195 3377 accipit
1203 3346 1212 3375 ‚
1241 3312 1263 3358 at

187 3438 194 3455 ι
218 3373 303 3428 mitur.
330 3374 479 3429 Monstrum
496 3385 554 3442 est,
578 3374 693 3445 quicquid
718 3383 807 3428 contra
840 3395 984 3449 prosperum
1000 3380 1133 3448 agnoscit3
1160 3378 1203 3432 vel
1224 3375 1264 3429 dia

212 3462 303 3505 ¹rerum
319 3450 435 3498 neuram
451 3447 563 3513 ncoidit,
585 3451 612 3499 et
626 3444 721 3516 aliquid
736 3464 806 3499 mon·
840 3448 943 3502 Acestae
962 3449 1145 3515 reverentiam,
1171 3455 1198 3504 et
1223 3449 1265 3503 licv

217 3520 280 3570 strat
295 3532 326 3569 ac
344 3514 472 3587 signifieat
481 3523 641 3570 eventurum.
656 3517 753 3570 Earina
763 3518 807 3590 qui
840 3521 933 3587 sciret3
963 3520 1003 3574 vel
1023 3524 1102 3590 potius
1128 3522 1266 3592 deeepttur

217 3590 278 3642 binc
294 3595 393 3640 secutus
414 3593 469 3650 eat,
496 3589 608 3643 incensio
634 3586 682 3639 init
708 3591 809 3642 narium
844 3581 925 3646 laetae
951 3591 1167 3660 tritennarium,
1196 3609 1260 3662 qnae

218 3660 412 3724 Troianorum,
430 3656 514 3728 infra,
533 3677 559 3715 r.
576 3659 639 3727 669.
822 3708 823 3711 ,
843 3665 924 3734 capite
941 3660 1085 3729 effulserat,
1104 3663 1166 3716 AEn.
1186 3681 1212 3719 s.
1231 3661 1266 3718 68

253 3732 292 3803 (b)
309 3733 443 3801 Senaque,
463 3728 542 3800 etc).
567 3729 683 3799 Explicat
707 3730 810 3785 Servius
878 3735 918 3808 (6)
936 3737 1065 3789 Exsortem
1080 3735 1269 3789 ducerabonorv

216 3805 330 3874 praem
349 3798 495 3856 Hortensius
512 3800 611 3926 {mura
622 3821 635 3865 ;
662 3799 809 3870 Cerdunnr,
844 3818 942 3861 sortem
960 3808 1125 3879 nrdvivamqne
1148 3804 1270 3877 proposit

220 3876 320 3928 tarda:
338 3873 386 3926 boc
400 3890 496 3926 sensu:
526 3872 671 3945 gnorabant
686 3873 746 3943 quid
762 3874 811 3929 boc
846 3877 962 3932 maiarum.
980 3876 1011 3929 tu
1038 3893 1132 3930 morem
1163 3882 1230 3931 notat
1255 3876 1271 3931 6

221 3952 331 3996 monstro
348 3943 560 4015 portenderetur3
591 3944 617 3997 id
646 3955 705 3997 mox
727 3947 812 4001 docuit
846 3949 913 4016 apud
929 3964 1008 4017 quos,
1027 3955 1160 4019 antequatn
1177 3947 1270 4018 praeda

220 4017 310 4082 exitus3
330 4025 430 4087 tumque
446 4023 515 4070 vates
531 4015 650 4069 intellexe
662 4023 737 4069 erunt
754 4034 813 4088 ape·
848 4019 913 4074 inter
930 4019 1029 4085 milites,
1046 4019 1202 4073 salectisirna
1221 4037 1273 4091 qua·

222 4095 374 4157 rueruntque
391 4087 488 4157 omnia,
507 4088 550 4141 sed
566 4088 645 4140 serius
664 4103 695 4142 ac
709 4088 812 4143 tardius:
847 4106 878 4150 se,
891 4089 985 4143 lortitsr
1000 4089 1026 4140 in
1042 4091 1139 4158 praelio
1157 4107 1273 4162 qemun

224 4174 281 4209 cum
302 4160 383 4212 nullus
401 4160 465 4212 ultra
481 4166 549 4213 esset
562 4159 676 4213 remedio
694 4159 773 4214 locus.
848 4169 891 4229 te,
909 4160 952 4214 sed
976 4160 1071 4232 judicio
1098 4163 1232 4216 dabantur.
1255 4163 1273 4216 S

258 4225 298 4294 (d)
315 4228 343 4279 ln
362 4230 469 4285 nubibus
496 4231 557 4285 arsit
579 4228 709 4302 arundo)
729 4230 815 4285 Prodi·
848 4249 910 4304 uqi.
929 4233 1051 4285 Ascanius
1066 4234 1132 4297 Niso:
1151 4234 1273 4316 Clypern

110 4318 114 4326 ·
224 4299 296 4367 glum
313 4299 471 4367 incoluit,
496 4302 565 4374 quod
591 4303 617 4358 id
639 4301 712 4374 jusu
728 4320 813 4357 rerum
847 4304 969 4359 rudentes
985 4304 1112 4374 ancipitum
1138 4314 1204 4360 sorta
1220 4306 1273 4376 jas

217 4369 339 4446 ⁸ordinem
356 4371 471 4424 accidere
488 4389 540 4427 nnn
559 4381 664 4442 poterat:
683 4381 711 4426 ut
725 4374 815 4444 sagitta
846 4374 982 4446 praestan,
1003 4374 1077 4430 ll'rire.

224 4457 255 4493 ex
285 4441 430 4508 arundine,
459 4444 594 4512 quamlibet
616 4448 682 4500 sicca
693 4484 704 4514 ,
727 4445 815 4515 ignem
