2866 5234
318 297 378 359 ltu
692 296 722 355 P.
749 296 906 357 t'tttlttttt
929 295 1103 358 ltnttodts

362 398 422 460 Slb
441 398 507 473 Ouo
528 400 636 463 lcseum
657 404 775 480 rapitis,
800 401 904 460 Fabii?
926 402 967 459 Tu
990 403 1133 459 maximus
1156 407 1166 435 ¹
1188 399 1237 459 ille
1256 415 1314 468 es,

444 478 525 541 Unus
545 484 595 559 qui
617 484 701 542 nobis
722 480 883 543 coarctando
906 483 1033 540 restituis
1054 498 1128 540 rem.

441 561 592 623 Excudent
613 562 666 631 atti,
682 569 696 597 ⁸
721 564 858 639 spirantia
880 560 995 619 mollius
1016 578 1107 628 aera,

440 642 535 701 Credo
559 643 712 717 equidem:
736 646 817 700 viros
837 642 940 702 ducent
960 641 994 698 de
1016 655 1161 703 marmore
1180 634 1297 706 nullust

441 723 573 782 Orabunt
593 737 696 781 causae
717 719 836 792 melius;
859 722 987 796 coelique
1007 725 1119 779 meatus

362 803 423 864 850
446 802 618 861 Describeut
639 801 742 870 radio,
764 809 793 861 et
812 803 956 876 surgentia
977 799 1074 861 sidera
1094 799 1211 859 dicent:

441 882 485 941 'l'n
507 900 608 951 regere
628 882 751 952 imperio
772 882 912 957 populos.
935 879 1089 950 Romane,
1111 885 1277 940 memento:

441 960 507 1021 Hae
529 962 580 1022 libi
602 967 688 1022 crunt
707 965 806 1021 artes:
831 963 965 1036 pacisque
985 963 1130 1039 imponere
1151 977 1282 1032 morem,

443 1043 565 1102 Parcere
586 1043 750 1110 subiectis,
773 1046 802 1101 et
820 1041 964 1102 debellare
984 1042 1135 1119 superbos.

481 1123 531 1185 Sic,
549 1129 630 1199 paler
652 1123 812 1190 Ancbteee3
835 1125 922 1198 atque
941 1120 1014 1182 haec
1037 1119 1208 1199 mirantibus
1229 1118 1329 1187 addit:

359 1200 420 1262 835
443 1204 555 1276 Aspice,
571 1208 602 1259 nt
625 1202 745 1271 insignis
766 1200 865 1276 spoliis
888 1198 1043 1260 Marcellus
1064 1202 1193 1278 opimis⁸

442 1283 627 1353 ingreditur.
652 1288 801 1358 uictorque
822 1283 898 1340 uiros
920 1285 1100 1358 supermiuet
1120 1298 1234 1342 ornrtes.

442 1361 499 1425 llic
520 1380 581 1439 rem
604 1362 763 1423 Romanam
785 1378 888 1437 magno
908 1362 1042 1421 turbante
1062 1365 1190 1423 tumultu
1219 1363 1233 1400 ⁴

694 1485 1107 1545 ttlTEnrltlararto

281 1592 342 1648 liit
360 1592 433 1648 tu'es
455 1595 499 1648 ille
517 1580 618 1651 Fodr'ara
635 1596 772 1663 Maximus,
790 1595 838 1667 qui
856 1593 926 1648 solua
942 1592 1016 1649 nobis
1033 1609 1139 1664 reparas
1156 1588 1340 1662 rempublicam

282 1666 349 1733 Alii,
368 1669 462 1737 opinor
480 1666 618 1737 equidem,
636 1669 781 1722 cuntlabuut
807 1666 925 1721 solertius
940 1682 1003 1718 aera
1019 1664 1099 1739 qnasi
1111 1667 1248 1728 auimata;
1275 1660 1343 1716 excit

283 1754 356 1791 mora
373 1744 445 1794 rivus
461 1740 569 1807 rultua;
589 1741 681 1794 melius
698 1740 833 1812 agitabunt
849 1756 963 1805 causae,
982 1744 1007 1791 et
1024 1738 1180 1807 distinguant
1199 1737 1276 1805 virga
1292 1732 1343 1788 cira

283 1816 309 1862 et
329 1813 494 1880 explicabunt
510 1819 595 1865 ortum
613 1820 761 1867 astrorum:
781 1817 809 1864 lu
827 1809 1119 1875 nominenominee
1136 1809 1282 1879 gubernare
1299 1821 1343 1888 pat

281 1883 416 1937 ctoritate:
439 1885 489 1937 bae
508 1891 584 1938 erunt
597 1892 665 1938 artas
682 1890 762 1948 tuae3
780 1890 807 1937 et
822 1890 934 1936 statuere
951 1882 1108 1935 conditiones
1128 1882 1222 1952 pacis,
1246 1882 1274 1931 ct
1301 1894 1343 1949 rga

281 1955 366 2007 missis
381 1991 389 2015 ,
407 1962 433 2010 el
450 1957 557 2009 domare
574 1958 710 2026 superbos.
729 1956 774 2011 Sic
791 1955 829 2009 cit
846 1954 988 2021 Anchisen
1007 1961 1034 2007 et
1049 1953 1111 2006 baec
1137 1951 1225 2022 adjicit
1241 1949 1343 2004 munti

281 2025 404 2096 quomodo
421 2027 583 2092 Marcellus,
611 2028 725 2092 incedit,
748 2027 868 2080 notabilis
895 2026 928 2080 ob
945 2024 1024 2095 spolia
1041 2026 1147 2095 opima,
1172 2030 1198 2076 et
1215 2020 1296 2076 vietor
1311 2036 1344 2075 aa

282 2114 372 2150 omues
389 2099 464 2155 viros.
484 2099 532 2155 Hic
548 2114 646 2167 magne
663 2098 774 2153 tumultu
792 2096 894 2152 furente
911 2096 1025 2151 firmabit
1039 2114 1096 2151 rent
1111 2096 1255 2153 Humanam
1270 2092 1345 2167 quib

281 2255 366 2310 neque
394 2256 411 2290 a
430 2239 529 2311 Pprrbo
546 2258 609 2312 rege
624 2241 755 2312 corrumpi
775 2241 878 2315 potnit:
916 2240 1033 2312 pellatur.
1053 2239 1127 2293 Hunc
1149 2253 1248 2291 versum
1264 2230 1344 2306 virgi

281 2312 483 2383 responditque,
502 2310 611 2367 Romam
626 2328 720 2368 aurum
737 2331 788 2367 non
805 2313 883 2367 babe·
916 2313 1019 2368 natibus
1035 2311 1113 2367 Ennii
1130 2315 1211 2364 totum
1228 2304 1344 2363 nonnuli

282 2400 330 2449 re,
348 2386 392 2437 sed
411 2383 564 2437 habentibus
578 2401 674 2438 aurum
687 2387 832 2457 imperare.
917 2387 1009 2452 nodis,
1028 2395 1080 2439 etc.
1098 2420 1100 2425 -
1211 2430 1213 2435 .

319 2454 455 2521 Serraue,
483 2464 531 2510 etc.
553 2456 573 2529 ).
605 2457 637 2512 B.
661 2457 796 2529 Qac'racts'au
824 2456 881 2512 Caia-
951 2452 1217 2530 (muscetanum,
1245 2447 1326 2520 etc.).

282 2525 405 2584 canamus
432 2528 470 2583 bis
489 2527 616 2584 dictatura
645 2528 729 2601 prima
756 2529 882 2585 dictatura
916 2529 1013 2600 gnandi
1039 2527 1173 2598 propriam·
1186 2522 1346 2577 Romanorua

281 2596 314 2651 de
338 2597 430 2670 AEquis
455 2599 639 2673 triumpharit,
667 2618 734 2655 anno
754 2601 804 2671 aqb
819 2619 828 2668 ;
844 2617 882 2652 sc·
916 2620 975 2656 oum
993 2600 1107 2673 gentium
1125 2597 1237 2650 aliarum
1255 2593 1346 2647 artibus

280 2668 365 2723 cunda
380 2671 426 2742 Sp.
445 2672 570 2739 Maeliana
586 2671 698 2728 affectati
713 2674 788 2746 regui
803 2671 883 2743 suapi·
918 2674 1003 2728 tnaria
1021 2670 1230 2735 Corinthiorum,
1248 2664 1346 2719 oratori«

282 2742 357 2795 cione
374 2743 535 2798 laborantem
554 2762 600 2816 per
616 2744 756 2800 Servilium
774 2745 882 2801 Ahalam
917 2747 1002 2811 dnm,
1020 2741 1163 2810 astrologia
1179 2737 1346 2794 Cbaldaeurru

282 2811 455 2884 obtruncavit,
468 2834 538 2871 anno
553 2818 616 2871 dri.
629 2816 685 2872 inm
702 2808 883 2889 octogenarius
917 2820 1039 2889 ptiorum.
1060 2816 1098 2869 De
1124 2811 1201 2867 radat
1219 2828 1264 2864 seu
1283 2810 1347 2878 virgi

283 2902 316 2938 ea
333 2903 400 2957 agro
419 2895 526 2961 quatuor
540 2887 680 2961 jugerum,
698 2907 774 2960 quem
791 2885 882 2943 arabat
919 2891 983 2951 tica,
1002 2887 1035 2942 ad
1054 2886 1137 2940 variae
1151 2881 1218 2937 eceli
1235 2889 1347 2935 terretur

285 2960 340 3028 ipse
357 2964 382 3010 el
399 2961 508 3023 serebat,
526 2960 558 3014 ad
576 2963 754 3035 magistratum
769 2961 882 3026 eductas,
917 2958 1107 3031 assignandas,
1125 2955 1255 3021 alithum,
1273 2952 1329 3007 Hel·

284 3030 352 3082 uude
360 3032 618 3103 Sermnicognomen
630 3033 721 3088 babuit
731 3033 882 3089 serrendo.
954 3034 994 3105 (d)
1002 3029 1095 3101 Spoliis
1108 3027 1245 3083 Marcellus
1256 3024 1346 3095 opimis

320 3099 361 3171 (a)
378 3101 475 3155 Fabii?
501 3111 530 3156 tu
547 3106 689 3170 maximus,
718 3106 800 3176 ete).
827 3104 882 3159 ro·
916 3104 976 3160 driss
993 3100 1162 3161 Horreum,
1180 3099 1311 3171 plebejae,
1336 3110 1349 3147 t

285 3174 388 3227 Moram
405 3175 561 3228 nobilissima
578 3194 664 3247 gens,
683 3184 708 3230 ct
725 3179 837 3246 patritia,
856 3180 884 3228 at
917 3175 1045 3241 familiae,
1062 3171 1195 3244 quinquies
1212 3169 1310 3234 mucul,
1327 3183 1349 3223 ss

285 3244 319 3297 ab
335 3243 445 3298 Hercule
461 3247 587 3300 ‹leducena
603 3265 698 3319 genus,
718 3265 768 3301 una
786 3246 881 3302 bellum
933 3248 1020 3303 baril:
1034 3246 1121 3316 primo
1140 3258 1229 3312 nempe
1253 3239 1349 3295 consult

285 3314 406 3369 adversare
423 3316 541 3388 Vejentca
569 3319 594 3372 iu
619 3338 647 3373 se
675 3320 804 3390 suscepit:
831 3334 882 3390 qun
927 3318 1110 3374 isinanbribna
1127 3314 1350 3385 Germanisqueea

285 3387 353 3442 bello
369 3405 415 3441 sex
429 3400 459 3443 et
476 3391 583 3445 trecenti
598 3408 615 3442 a
631 3389 823 3463 Vejentibmad
836 3390 883 3443 llu-
919 3393 1001 3447 acciso
1030 3389 1219 3444 Germanorum
1245 3401 1310 3457 rega
1335 3383 1350 3439 l

211 3505 216 3516 .
284 3460 357 3514 vium
383 3459 532 3516 Cremeram
563 3479 610 3533 per
638 3462 744 3517 insidias
770 3461 885 3534 oppressi
919 3471 1042 3534 captaque
1053 3460 1184 3515 Gallorum
1201 3458 1267 3515 urbe
1286 3455 1350 3529 prim

285 3538 366 3586 sunt:
384 3549 435 3587 unu
454 3552 487 3588 ex
504 3534 625 3588 unirerea
644 3534 744 3589 familia
761 3534 885 3606 supereti-
921 3538 991 3602 tarro,
1010 3551 1078 3587 anno
1095 3529 1128 3585 U.
1148 3533 1177 3585 C.
1198 3531 1261 3586 eea.
1280 3529 1351 3583 'l‘ertl

288 3609 330 3673 te,
350 3604 396 3675 qui
430 3616 519 3680 ropter
530 3606 685 3662 teneriorem
695 3614 804 3661 aetatem
815 3606 884 3659 domi
921 3610 1008 3661 missua
1026 3607 1052 3658 iu
1070 3602 1206 3667 Siciliam,
1235 3598 1351 3673 Syracusa

285 3677 392 3730 relictus
408 3625 508 3734 ditarat:
525 3696 572 3750 per
586 3677 655 3732 bunc
666 3687 834 3751 propagatum
847 3683 885 3731 eat
921 3679 972 3732 bali
992 3677 1132 3746 Poenisque
1148 3674 1281 3738 tarentas,
1312 3677 1339 3727 el

286 3766 386 3817 genass3
405 3758 430 3805 ct
447 3751 551 3824 exejus
569 3751 674 3821 posteris
699 3748 757 3806 tuit.
779 3754 809 3825 Q.
831 3750 886 3805 Po
921 3750 1049 3804 industria
1065 3746 1199 3813 deleam,
1218 3744 1315 3799 trienni
1331 3742 1352 3796 ol

287 3820 344 3875 haias
363 3823 522 3889 Martiana,
549 3822 592 3894 qni
621 3822 754 3896 quinquies
775 3820 885 3888 consul,
922 3823 980 3895 pit:
1000 3824 1107 3892 ideoque
1126 3835 1206 3871 orans
1222 3815 1352 3871 urbemiu

287 3893 368 3946 >renel
385 3912 496 3964 censor,
514 3894 552 3951 bis
568 3894 690 3962 dictator,
709 3896 750 3949 bis
767 3895 888 3966 princeps
923 3912 993 3949 sunu
1012 3893 1073 3959 543.
1096 3890 1199 3945 Primus
1227 3886 1353 3942 Hannibal

288 3971 408 4024 senalus.
426 3969 465 4022 bis
482 3965 665 4037 triumpharit:
686 3966 769 4040 primo
786 3965 889 4038 quidem
923 3983 983 4039 gam
1004 3964 1099 4031 vertit,
1117 3962 1254 4017 commisso
1281 3960 1354 4015 salt

288 4039 442 4101 consulatu,
475 4041 507 4095 de
533 4038 697 4109 Liguribus,
727 4057 796 4092 anuo
826 4042 888 4094 bar.
925 4038 1003 4093 mine:
1015 4037 1074 4091 inda
1091 4038 1192 4105 saepius
1205 4050 1265 4089 cum
1280 4051 1312 4087 en
1331 4048 1355 4102 pt

289 4108 376 4174 quinto
402 4119 485 4164 autom
517 4111 550 4166 de
576 4110 689 4177 Poenis,
717 4111 828 4166 Tarento
853 4126 893 4163 re·
926 4127 1052 4183 grassem,
1079 4108 1182 4161 tandem
1206 4107 1292 4190 quinto
1317 4122 1355 4159 cm

290 4186 372 4248 cepto,
391 4198 459 4235 anno
478 4185 541 4247 545.
560 4181 709 4238 Hannibalis
725 4182 849 4236 ferociam
867 4186 894 4233 et
928 4188 1080 4238 cumrentna
1097 4178 1154 4249 ejus
1171 4177 1286 4243 insidiis,
1304 4177 1355 4231 inte

290 4247 418 4305 sorlnnam
438 4256 582 4309 constantia
598 4272 645 4309 sua
668 4255 798 4319 contudit;
824 4269 891 4307 ram-
926 4271 994 4308 auno
1012 4251 1086 4318 ⁴546.
1121 4250 1213 4322 opero
1240 4247 1327 4320 apulis
1350 4269 1356 4302 a

291 4337 342 4388 que
360 4324 522 4389 Romanam,
540 4330 651 4399 acceptis
676 4328 711 4381 ad
726 4325 845 4385 Trebiam
863 4332 890 4378 et
925 4344 990 4398 quae
1007 4325 1060 4380 dux
1077 4321 1137 4377 duci
1155 4340 1172 4375 a
1188 4339 1218 4377 se
1235 4320 1262 4372 iu
1281 4338 1356 4444 pugn.

292 4391 470 4449 Trasimenum
497 4398 609 4453 cladibus
629 4396 761 4469 ranan,
787 4401 891 4453 muel*
926 4403 1058 4453 traxerat:
1082 4392 1171 4466 qualia
1197 4392 1336 4449 Marcelns

291 4462 362 4522 lions
379 4468 506 4524 restituit:
533 4469 600 4525 unda
626 4479 767 4533 concidat·
791 4472 833 4527 eal
847 4483 892 4543 ap·
960 4468 1003 4544 (4)
1020 4466 1141 4526 Tumultu
1156 4467 1176 4538 ).
1202 4462 1311 4538 Proprie
1328 4464 1357 4521 bt
