2866 5234
194 271 252 334 lli
585 266 617 329 P.
640 262 801 328 vlnutllt
822 262 995 326 uanonrs

309 367 460 446 ingratum
475 363 566 427 trehit
578 386 588 428 r
602 369 653 435 et.
669 367 696 426 ei
709 363 825 442 quando
838 363 875 424 ad
888 361 1000 440 praetia
1013 362 1213 427 lentunen,

311 446 346 511 Ut
359 447 505 525 quondum
520 448 549 507 in
563 446 678 525 stipulis
691 460 814 522 magona
829 444 892 504 eine
904 441 1017 503 uiribus
1033 443 1117 518 ignia.

234 530 292 591 tuu
313 527 462 589 ineassum
474 525 556 587 lurit.
572 525 651 603 Ergo
664 525 780 588 animoa
792 540 958 602 aeuumque
973 524 1083 585 notabis

310 607 471 683 Praecipue
484 628 491 664 ι
504 607 570 668 niae
584 607 657 667 elias
668 611 747 668 artes
761 647 770 675 ,
784 604 956 682 prolemque
971 611 1127 683 pareutum
1144 614 1152 645 ¹
1173 621 1181 662 a

253 684 256 689 ’
311 684 349 747 Et
361 689 427 765 quis
440 687 546 765 cuique
559 686 642 749 dolor
656 688 734 748 aloto
749 727 757 754 ,
771 701 848 760 quae
862 684 954 759 gloria
969 683 1095 761 palmae.
1187 752 1190 757 ,

312 766 415 828 Nonne
429 766 511 826 rides
522 770 537 827 l
550 784 617 827 eum
630 765 778 846 praecipiti
793 767 952 826 certamine
966 780 1107 841 eampum

315 846 488 924 Corripuere
502 889 509 915 .
527 851 671 939 ruuntque
685 843 768 905 ellusi
782 862 902 906 caruere
916 861 1042 918 onrrue;
1119 896 1125 911 ,

235 926 294 991 105
313 926 385 988 Cum
399 942 467 1003 spee
477 933 611 988 erreetee
621 941 761 1005 Juvenum
776 970 784 995 ,
797 927 1013 1004 exultantiaque
1026 922 1125 986 haurit
1137 932 1153 964 ¹

314 1007 408 1069 Corda
423 1022 512 1084 paror
526 1006 644 1083 pulsans
657 1024 666 1075 3
681 1004 723 1065 illi
735 1008 844 1066 instant
858 1007 1094 1077 verteremus,
1163 1030 1171 1045 ·

314 1088 353 1149 Et
366 1085 448 1165 proni
461 1086 531 1146 dent
546 1086 626 1148 lora:
642 1084 721 1146 volet
734 1088 763 1148 ri
777 1085 908 1148 fervidus
922 1086 1008 1148 exis:

312 1169 435 1244 Jamque
449 1165 597 1238 humiles,
611 1166 732 1246 jamque
743 1166 813 1226 elati
828 1166 954 1228 sublime
968 1166 1104 1228 videntur

186 1310 190 1319 ,
313 1250 392 1310 Aere
403 1263 456 1325 por
468 1263 594 1308 vacuum
608 1250 681 1308 torri
696 1286 705 1314 ,
720 1251 807 1325 ,alqrm
819 1264 977 1325 assurgere
991 1249 1020 1308 in
1034 1265 1133 1309 aurae.
1167 1286 1171 1295 -

235 1326 295 1392 110
314 1328 375 1391 Neo
387 1343 469 1387 mora
484 1369 493 1397 ,
508 1344 563 1389 neo
577 1330 705 1407 requies.
718 1328 759 1388 At
771 1326 868 1388 tulnae
882 1328 996 1389 nimbus
1011 1344 1120 1388 arenae

316 1408 459 1470 Tollitur:
474 1405 648 1470 humescunt
661 1410 772 1499 rpqmia
786 1408 914 1486 ttetuque
927 1413 1102 1486 sequentum
1114 1427 1124 1481 3

317 1488 428 1551 Tantus
441 1505 524 1549 emor
537 1487 658 1549 laudum
671 1535 680 1561 ,
694 1492 793 1549 tantm
805 1493 853 1550 eet
866 1490 990 1551 riotnrie
1005 1506 1103 1550 uuae.

318 1569 435 1632 Primus
449 1568 657 1632 Erichthonius
669 1568 684 1616 ⁸
700 1587 804 1632 ourrus
818 1574 850 1631 et
863 1575 989 1648 quatuor
1001 1585 1090 1629 ausus

315 1650 440 1728 Iungere
454 1667 565 1730 equor,
581 1648 748 1727 rapidisque
761 1651 837 1712 rotis
847 1650 980 1713 insistere
994 1650 1110 1715 vietor.

239 1726 297 1790 115
317 1729 431 1792 Freena
445 1730 621 1794 Pelethronii
636 1729 809 1809 Lapithaol
827 1775 836 1805 ‚
851 1746 997 1810 gyrosque
1011 1729 1144 1800 dedero,

319 1809 451 1889 impositi
464 1811 572 1874 dorso:
588 1815 676 1889 elque
688 1812 817 1889 equitem
830 1810 956 1874 docuere
970 1809 1026 1872 sub
1040 1810 1131 1873 armis
1178 1860 1181 1864 .

318 1888 462 1956 insultare
476 1893 538 1955 solo
552 1937 560 1965 .
573 1895 604 1955 et
617 1908 737 1970 gressus
750 1892 915 1970 glomerare
927 1888 941 1939 Β
956 1893 1112 1970 superbos.
1209 1940 1212 1945 .

552 2019 1030 2099 runnaranaenro

208 2157 251 2196 m:
264 2147 290 2195 et
301 2126 461 2194 el'interrlurn
472 2136 636 2194 deseenditnr
645 2138 679 2196 el
693 2155 727 2210 pn
766 2157 819 2209 em,
830 2140 924 2197 lrnrtre
934 2140 1006 2209 imit,
1016 2145 1046 2194 nt
1058 2138 1197 2214 eliquenrlo
1209 2152 1321 2209 magone
1335 2135 1397 2206 igni

199 2210 356 2283 peteiesrrrit
367 2210 424 2267 eine
435 2212 541 2266 viribus.
556 2210 627 2282 Ergo
640 2220 727 2281 rpente
746 2213 767 2266 'e
781 2213 930 2284 praesertim
943 2211 1141 2284 generositatem
1153 2219 1179 2267 et
1190 2216 1312 2278 eetetem,
1326 2208 1397 2261 dein·

206 2282 270 2337 elien
281 2282 366 2350 dotee3
380 2297 490 2353 quorum
503 2289 636 2353 parentum
647 2283 702 2338 aiat
713 2284 824 2355 robolee3
835 2283 959 2357 quomodo
972 2287 1147 2358 unusquisque
1158 2282 1255 2351 dolent,
1266 2296 1326 2334 cum
1339 2280 1398 2330 rio-

179 2357 248 2424 itur3
262 2361 305 2408 eut
315 2360 418 2426 eppetet
432 2355 575 2409 victoriam.
589 2353 679 2409 Nonne
691 2354 784 2410 vileri
797 2357 825 2412 r'rr
837 2357 914 2410 neleri
927 2358 1070 2412 nertemine
1082 2373 1141 2413 eum
1158 2370 1248 2410 ourrue
1266 2351 1399 2420 corripue-

179 2434 224 2481 uul
236 2443 364 2500 eampum,
374 2433 399 2480 et
411 2432 489 2480 ruunt
502 2425 587 2482 emissi
598 2441 613 2478 e
625 2424 773 2497 repagulis:
788 2445 847 2484 oum
860 2445 917 2501 rpee
926 2428 1052 2503 juvenum
1062 2431 1199 2491 excitetur,
1211 2434 1236 2480 et
1247 2432 1328 2479 metue
1342 2422 1399 2492 put-

191 2514 220 2551 ne
230 2498 324 2570 letiget
334 2497 410 2553 eorde'
422 2498 608 2554 enbenttautiea
621 2496 729 2570 jurener
742 2500 876 2556 imminent
888 2500 991 2586 flagello
1003 2500 1105 2556 interno
1117 2510 1142 2555 et
1157 2493 1397 2572 pendenteelaxaul

230 2588 292 2625 neec
306 2568 486 2641 rotee'relent,
498 2570 596 2625 oetidee
608 2586 641 2624 ex
653 2573 758 2642 impete:
770 2579 798 2628 at
807 2572 861 2646 jem
873 2571 975 2628 lameri
987 2581 1012 2627 et
1021 2573 1076 2647 jem
1088 2573 1138 2627 etta
1150 2566 1261 2637 subteti,
1272 2565 1400 2619 ridentur

216 2659 261 2712 per
271 2658 354 2696 emam
366 2659 486 2713 vaenum,
494 2651 521 2697 et
532 2640 615 2698 attolli
628 2641 655 2695 in
667 2651 765 2700 renue.
780 2646 836 2701 Nee
848 2645 1075 2717 moremsoeiuru,
1088 2661 1136 2699 nee
1148 2644 1291 2716 quieseunt.
1307 2638 1342 2693 At
1354 2644 1400 2691 n'u·

220 2711 282 2768 lieri
296 2714 407 2785 pulveris
418 2716 528 2786 eeeurgit
539 2732 547 2769 r
560 2712 629 2787 equi
639 2711 704 2770 liunt
715 2716 814 2772 tramiti
825 2752 834 2783 ,
847 2732 939 2789 epume
950 2724 978 2771 et
996 2717 1076 2771 latita
1095 2716 1269 2802 sequentinm.
1284 2708 1357 2769 enee
1377 2727 1400 2763 e·

191 2794 236 2849 ent
247 2786 358 2857 glorlem
368 2823 378 2853 ,
389 2784 450 2840 eden
461 2792 585 2872 appetunt
594 2787 737 2874 rioloriqm.
753 2789 937 2876 Prieptlapniue
951 2789 1047 2874 primus
1060 2805 1178 2846 nmmum
1188 2800 1267 2872 ,enm
1277 2790 1317 2837 eu
1335 2799 1401 2836 nom·

186 2859 597 3002 stitututttlttttt
606 2854 1401 3005 utlil‘r'utl'tulletum‘ltltltu

198 3001 277 3057 uitem
287 3009 414 3057 ermetem
425 3002 547 3061 inenttne
558 3010 641 3059 terrea
648 3038 660 3071 ‚
671 3008 698 3061 et
713 3004 862 3079 glomerare
878 3007 1003 3077 superbae
1021 3002 1400 3080 pneu.u1tteolreeerreqoe

198 3154 241 3221 (ι)
256 3154 340 3219 Artes,
355 3155 497 3224 prolemque
513 3157 661 3224 parentum.)
677 3156 707 3211 11
718 3163 765 3219 eet.
828 3159 872 3227 (1)
887 3160 981 3212 Freene
999 3156 1151 3219 Pelethronii
1167 3153 1323 3222 lapillum)
1342 3153 1400 3228 item

185 3235 273 3272 nomm
290 3229 419 3288 parentium
434 3224 485 3274 rint
501 3224 603 3291 protea:
621 3224 766 3291 eire.quele
797 3226 875 3277 lreeni
893 3234 918 3278 et
933 3225 1093 3291 equitationi·
1120 3223 1290 3273 inventionem
1316 3218 1400 3268 tribuat

189 3292 303 3354 egenae,
318 3297 344 3339 et
354 3287 430 3340 eere'ee
440 3289 706 3356 parentnm‚equibur
716 3289 768 3341 eeu
799 3291 935 3354 Suphoelee
952 3293 1078 3367 Neptuno,
1097 3289 1184 3357 Lysiae
1200 3293 1286 3338 orator
1302 3284 1400 3336 Amano

179 3362 233 3405 unt.
251 3353 340 3417 Artes)
354 3353 440 3404 Studia
456 3353 545 3423 quibua
561 3355 616 3423 epti
631 3355 770 3416 runt,bel·
801 3356 883 3419 nibus,
901 3354 945 3407 alii
963 3356 1039 3406 alrie:
1059 3356 1180 3421 Virgiliue
1199 3350 1400 3419 reprendunt

196 3436 236 3483 ne,
252 3434 284 3468 err
300 3434 370 3485 egro.
386 3428 436 3471 eta.
800 3422 875 3473 aeliae
892 3422 1010 3492 populis,
1032 3422 1063 3473 de
1077 3424 1168 3502 quibua
1186 3422 1221 3473 G.
1237 3436 1261 3471 a.
1280 3418 1338 3485 157·
1360 3416 1400 3466 Ρι·4

198 3486 243 3552 (n)
257 3484 371 3547 Haurit.)
387 3487 423 3536 lte
439 3484 532 3553 pulset,
544 3491 573 3536 ut
583 3501 597 3535 e
607 3484 705 3537 ”dibus
715 3489 768 3536 lra-
800 3486 919 3538 tatronu
935 3505 995 3539 vero
1006 3488 1045 3538 vet
1053 3489 1200 3554 adjectivum
1213 3493 1257 3538 oet.
1271 3483 1400 3551 epithrluu

212 3558 267 3603 eet
280 3555 366 3603 erlrere
383 3552 512 3602 rideaturr
537 3549 585 3601 noe
607 3552 674 3602 enim
690 3550 770 3617 rigni·
800 3554 963 3625 Lapitharum
979 3590 986 3615 ,
1001 3569 1017 3604 e
1034 3554 1193 3608 Pelethronio
1210 3569 1296 3603 eorum
1313 3549 1400 3614 oppidi

186 3623 226 3668 cat
241 3614 353 3679 nemin,
368 3616 436 3684 quoq
450 3624 488 3667 eet
503 3613 535 3665 ab
551 3634 605 3683 epau
623 3615 726 3677 Mamor
742 3621 769 3668 er
800 3620 832 3670 ed
850 3620 942 3671 l'ulium
960 3629 1090 3681 montem..
1116 3622 1155 3672 vel
1173 3635 1264 3670 nomen
1281 3615 1400 3681 eujusdnu

189 3682 233 3735 tud
249 3682 281 3734 eli
296 3682 459 3751 munnio.-
472 3680 541 3750 quod
557 3681 624 3731 enirn
640 3680 768 3746 hauritur,
800 3686 919 3755 lapithae
936 3687 1065 3755 proprium
1083 3693 1128 3747 eet,
1141 3687 1254 3754 genitivo
1265 3697 1333 3739 casu,
1344 3680 1398 3730 lrne

197 3748 320 3818 profundo
343 3749 459 3801 trehitur.
489 3748 551 3799 Vide
568 3749 632 3799 Aen.
654 3747 725 3799 «et
746 3763 767 3797 r.
801 3767 890 3802 norum
907 3752 1043 3802 inventoria
1057 3786 1065 3809 ,
1080 3753 1150 3816 errius
1168 3753 1271 3803 invento
1288 3746 1400 3813 Lapitlm

202 3816 242 3881 (3)
260 3815 355 3867 Primue
366 3814 621 3880 Ertmrhootoeere.)
634 3812 729 3879 Aeeehy
741 3830 770 3863 ns
802 3815 892 3869 deinde
907 3818 981 3869 ceteri
999 3816 1035 3868 uei
1052 3827 1109 3870 eunt
1125 3819 1157 3869 ed
1175 3815 1323 3869 domandum
1335 3822 1360 3864 et
1373 3813 1399 3863 iu

189 3881 355 3943 rometlreonr,
371 3882 461 3935 cicere
477 3880 630 3941 Minervam,
648 3878 721 3955 Mero
736 3878 771 3929 E-
802 3882 953 3935 etituendum
971 3898 1070 3950 equum.
1088 3884 1137 3938 Ait
1152 3886 1218 3935 enirn
1237 3882 1333 3936 Plinius
1352 3881 1398 3943 lp

185 3946 336 3999 ichrlronium
347 3963 466 4001 emruum
477 3947 630 4001 inrenmrem
641 3943 708 3997 l'eert:
720 3960 773 3997 erre
805 3948 845 4001 56.
864 3950 982 4001 invenire
999 3948 1108 4015 strenue
1134 3964 1159 4001 er
1180 3962 1261 4003 serore
1285 3962 1399 4007 eqnmno

182 4010 242 4063 llum
259 4012 448 4067 Atheniensium
464 4028 554 4082 regem.
569 4030 601 4065 ex
618 4010 732 4065 Vulcano
749 4016 775 4063 et
806 4013 1016 4067 petentemque:
1034 4031 1149 4082 pugrrnre
1166 4036 1199 4068 ex
1215 4031 1278 4083 equo
1300 4011 1400 4065 Tirissa*

194 4075 270 4126 ellore
286 4086 381 4144 natura,
397 4087 424 4141 et
438 4078 676 4146 anguipedermqui,
691 4082 774 4147 ntpe·
803 4079 861 4140 tor.
875 4082 921 4150 qui
940 4079 1066 4132 Centauri
1081 4079 1146 4132 dicei
1162 4093 1237 4142 sunt,
1267 4078 1399 4129 latitante

189 4157 228 4193 em
243 4140 424 4198 delormilatenr
441 4152 543 4215 tegeret.
559 4146 655 4199 dicitur·
670 4158 772 4197 currum
803 4146 941 4199 eeewdwn
955 4143 1055 4195 Pelium
1071 4158 1186 4199 morium.
1199 4145 1317 4213 Lapithae
1330 4151 1400 4193 auten

181 4205 325 4259 abriceree:
342 4210 395 4263 rire
411 4212 484 4265 illum
501 4212 646 4280 Phrygem.
662 4210 775 4264 uerteei
804 4211 883 4265 vicini
899 4210 1042 4264 Centauris.

191 4272 261 4333 ¹¹⁰¹&
276 4274 344 4326 tovi·
360 4287 483 4345 nepotem.
498 4277 542 4346 qui
553 4294 616 4329 naue
628 4273 716 4331 leitex
728 4279 775 4331 Ae·
837 4278 878 4343 ¹5)
894 4279 997 4330 Greerur
1013 4276 1174 4344 glomerem.)
1188 4274 1266 4342 Quasi
1283 4271 1400 4337 colligere

194 4353 235 4413 eae
251 4340 394 4406 majorino»,
411 4343 502 4412 dequo
515 4361 541 4398 r.
554 4344 647 4398 esser
658 4343 777 4397 veroPli·
806 4316 914 4399 eductis
930 4350 955 4393 et
970 4340 1097 4409 replicatis
1109 4341 1274 4395 anterioribus
1285 4337 1396 4391 cruribo

195 4419 234 4455 rue
250 4403 269 4454 Ι.
287 4422 311 4483 75
330 4406 370 4458 56.
389 4406 469 4476 Piger
477 4411 585 4475 primane
592 4408 683 4480 jam
693 4408 777 4473 Purr-
807 4410 867 4469 dum
883 4408 1021 4481 peniculon
1030 4406 1164 4465 tuemur
1174 4416 1199 4464 tl
1209 4406 1379 4479 explicentur.

192 4486 235 4525 erre
251 4481 330 4568 nutpo,
345 4476 486 4545 quadriges
504 4475 701 4533 neruosae.
