2866 5234
326 328 391 397 bib
714 326 750 391 P.
772 326 935 395 t'thutttt
956 329 1131 397 diadolus

449 430 540 496 Haud
561 427 683 507 impuno
702 429 849 503 quidem:
874 448 929 492 nee
948 434 1019 495 tatia
1039 452 1145 513 passus
1166 433 1309 514 Ulyaass3

438 514 604 574 'oblitusve
622 509 669 567 sui
690 513 737 566 est
760 507 881 572 ithacus
902 512 1073 574 discrimine
1096 520 1190 575 tauto

365 592 430 663 630
448 591 526 653 Nam
545 586 635 653 simul
655 586 791 664 expletas
810 590 936 665 dapibus
957 595 1086 669 vinoque
1106 597 1241 672 sepultus

446 670 606 733 Cervicem
627 664 770 727 iullexam
791 674 909 744 posuit,
929 673 1081 750 jacuitque
1103 694 1157 752 per
1180 681 1297 737 antrum

444 752 639 814 Immensae,
659 746 775 805 sautem
797 757 958 822 eructans,
982 768 1016 813 se
1039 755 1134 813 frusta
1155 766 1281 816 cruento

443 830 505 893 Pet·
524 841 666 889 somnum
686 827 849 885 commixta
870 848 973 891 moro:
998 850 1073 898 noa.
1096 852 1200 910 magna
1222 838 1336 912 precati

444 909 599 973 Numina,
621 906 777 979 sortitique
801 909 904 974 vices.
927 927 985 969 una
1007 914 1136 988 undique
1157 916 1269 975 circum
1357 966 1363 975 .

363 989 630 1056 patronorum.
652 986 685 1041 et
705 983 765 1041 telo
784 987 884 1046 tumen
906 989 1096 1065 terebramus
1117 999 1203 1052 acuto

442 1071 572 1146 ingens,
593 1061 673 1141 quod
696 1068 780 1123 torva
801 1068 901 1125 solum
924 1072 979 1128 arrh
1001 1069 1097 1129 lroute
1120 1074 1233 1131 latebat
1258 1084 1298 1145 ¹,

445 1147 572 1224 Argolici
594 1143 690 1219 clypei
713 1149 765 1211 aut
787 1144 942 1207 Phoebeae
965 1148 1109 1224 lampadis
1128 1163 1143 1193 ¹
1170 1153 1285 1211 instar:

443 1230 484 1291 Et
505 1225 626 1285 taudem
648 1222 719 1289 laeti
741 1225 887 1283 sociorum
911 1228 1082 1288 ulciscimur
1103 1230 1233 1289 umbras.

414 1327 417 1331 ·
444 1306 640 1379 Sodiugito,
663 1321 681 1360 ο
703 1304 829 1372 miseri,
852 1304 966 1384 iugita.
989 1311 1079 1383 atquo
1100 1309 1137 1368 ab
1157 1309 1246 1371 litora
1266 1310 1368 1374 funem

361 1386 422 1455 6l0
442 1389 593 1463 Rumpite.

443 1467 520 1527 Nam
542 1463 636 1541 qualis
657 1467 845 1539 qrrautusquo
865 1464 941 1524 caio
962 1462 1160 1541 Polyphemus
1180 1466 1210 1524 iu
1232 1472 1319 1532 antro

444 1548 605 1625 Lanigeras
625 1541 735 1601 claudit
756 1544 909 1616 pecudes,
935 1553 1022 1621 atque
1045 1546 1136 1604 ubera
1159 1557 1275 1620 pressat

442 1629 567 1689 Centum
589 1623 638 1679 alii
660 1638 753 1680 curva
776 1622 849 1678 haee
873 1625 1007 1683 habitunt
1028 1624 1065 1681 ad
1088 1626 1174 1683 litora
1196 1629 1285 1702 vulgo

442 1708 557 1768 inlandi
577 1701 722 1780 Cyclopea
743 1706 773 1758 et
794 1701 862 1759 altis
883 1706 1031 1762 montibus
1051 1709 1170 1769 errant.

358 1786 420 1854 oth
440 1789 543 1849 Tertia
562 1784 628 1861 jam
650 1778 750 1837 tunae
770 1778 933 1840 se‘coruua
958 1784 1070 1861 lumine
1092 1787 1264 1863 complent,

440 1867 517 1928 Cum
538 1869 631 1923 citam
653 1860 682 1918 in
703 1856 813 1928 sitris.
836 1861 913 1919 inter
933 1861 1049 1920 deserta
1072 1862 1200 1924 lerarum

439 1947 549 2009 Lustra
569 1943 734 2013 domosque
755 1941 864 2004 traho.
888 1952 1047 2018 vastosque
1067 1943 1106 2001 ab
1127 1962 1201 2019 rupe
1222 1941 1366 2021 Cyclopas

440 2025 616 2101 prospicio.
639 2019 829 2090 sonitumque
851 2021 958 2092 pedum
980 2038 1146 2097 vocemque
1168 2028 1321 2083 tremisco.

437 2103 562 2165 Victum
584 2094 752 2160 infelicem.
778 2097 903 2161 baccas.
927 2099 1115 2174 lapidosaque
1137 2120 1226 2162 corna
1248 2101 1262 2145 ³

356 2183 419 2246 650
439 2184 518 2245 Dant
539 2179 639 2245 rami,
662 2179 692 2233 ct
714 2175 804 2232 vulsis
826 2186 947 2250 pascunt
969 2179 1118 2239 radicibus
1142 2182 1265 2242 herbae.

438 2261 545 2322 Omnia
567 2254 765 2317 collustrans.
789 2253 863 2311 hauc
886 2258 1016 2331 primum
1036 2257 1073 2315 ad
1098 2261 1181 2320 litora
1203 2262 1328 2321 classem

412 2391 415 2395 .
438 2338 585 2416 Conspexi
607 2334 800 2391 venientem:
825 2333 895 2391 huic
917 2351 985 2403 mc,
1007 2352 1217 2415 quaecumque
1239 2340 1364 2413 luisset,

434 2420 563 2482 Adoni:
584 2414 656 2475 satis
677 2416 725 2471 eat
746 2418 864 2485 gentem
882 2413 1023 2487 cliupisse
1047 2414 1214 2478 uelandam.

438 2501 501 2563 Vos
521 2497 653 2557 animam
673 2491 749 2551 hanc
772 2494 866 2567 potius
888 2510 1076 2569 quocumque
1099 2498 1246 2555 absumite
1268 2494 1340 2557 leto.

356 2582 417 2647 est
438 2580 498 2641 t'ir
518 2594 555 2638 ea
574 2573 652 2633 istus
672 2575 758 2638 erat.
781 2588 900 2630 summo
922 2591 990 2632 cum
1014 2581 1113 2634 moute
1134 2576 1274 2636 ridemus

648 2672 1131 2735 tttthut’u'u‘rdrto

273 2777 385 2838 calentia
398 2775 536 2830 tremerent
547 2768 595 2826 aab
607 2768 671 2838 eJ’ua
683 2765 812 2819 dentibus.
829 2763 885 2817 tlon
900 2771 984 2817 tamea
998 2766 1097 2838 absquo
1109 2767 1219 2822 ultione:
1230 2786 1277 2822 ricc
1292 2770 1394 2844 [ityreos

275 2852 350 2916 talia,
363 2855 408 2903 aul
421 2843 563 2899 ithacensis
575 2840 672 2893 oblitus
683 2843 722 2890 eat
732 2836 814 2890 sui‘iu
827 2841 898 2886 tanto
913 2837 1039 2906 periculo.
1063 2839 1127 2891 llam
1146 2842 1232 2913 statim
1250 2849 1330 2913 atque
1350 2843 1393 2913 Cy,

273 2924 351 2977 liatus
361 2919 426 2973 cibis
438 2925 464 2971 et
477 2913 596 2985 supultus
608 2914 680 2976 rino,
693 2906 795 2960 demisit
808 2906 903 2959 collum
918 2916 1090 2975 incurvatum,
1101 2916 1126 2961 et
1134 2909 1217 2979 jacuit
1231 2928 1393 2982 pera-mm

271 2994 339 3047 iuter
350 2986 530 3043 dormiendum
543 2983 658 3052 ejectam
669 2980 760 3032 tabum
772 2986 800 3030 et
812 2977 907 3029 frustra
921 2978 1000 3030 mixta
1013 2997 1075 3032 auru
1089 2980 1149 3033 rino
1161 2984 1313 3051 sanguineo:
1330 3002 1376 3038 nos
1384 3006 1392 3051 p

273 3065 465 3117 invenissemus
477 3052 668 3125 anagnosticus,
680 3056 706 3102 et
716 3051 876 3102 duxissemus
887 3054 954 3100 sorta
968 3046 1063 3117 cilicia,
1075 3052 1151 3103 aimid
1167 3056 1282 3123 undique
1294 3055 1391 3109 circum

271 3141 300 3189 ct
312 3129 471 3203 periodimua
486 3128 536 3181 telo
549 3134 625 3176 scuto
637 3122 740 3177 oculum
754 3135 889 3189 magnum,
903 3120 947 3189 qui
960 3123 1052 3174 unicus
1064 3122 1241 3177 occultabatur
1253 3126 1300 3175 auh
1313 3123 1391 3179 feroci

269 3206 298 3261 in
311 3200 415 3255 modum
429 3200 494 3251 scuti
508 3195 627 3265 Argolici
639 3201 665 3246 et
678 3192 768 3245 solaris
780 3189 921 3259 lampadia;
937 3195 961 3240 et
973 3189 1033 3242 laeti
1048 3192 1211 3246 vindicamus
1229 3195 1338 3266 demque
1356 3213 1389 3248 ,ῃ

268 3274 381 3330 ciorum.
394 3272 444 3323 Sed
459 3269 551 3333 legito,
564 3284 580 3316 o
592 3264 742 3317 inlortunati
753 3260 760 3313 l
773 3260 866 3329 legite,
879 3268 906 3313 et
917 3261 1060 3315 abscindite
1074 3262 1161 3316 lunam
1173 3281 1190 3314 u
1202 3265 1285 3317 litore.
1303 3266 1367 3319 liam
1386 3290 1389 3313 i

270 3353 382 3417 quantus
395 3338 572 3411 Polyphemus
584 3335 693 3389 includit
704 3348 770 3385 caro
783 3332 810 3383 in
822 3346 901 3399 specu
914 3345 1013 3400 gregor
1024 3332 1124 3399 crines,
1134 3341 1161 3385 et
1176 3337 1267 3404 promit
1281 3336 1375 3403 uhera;

271 3415 340 3472 torti
351 3419 454 3467 eentum
466 3410 510 3461 atii
525 3405 647 3459 horrendi
661 3404 785 3477 Cyclopas
799 3409 904 3454 maneat
917 3402 988 3455 eirca
1001 3402 1068 3457 baec
1078 3404 1183 3457 sinuosa
1194 3403 1280 3471 litora,
1291 3414 1317 3458 et
1330 3423 1388 3477 vagi

268 3488 335 3543 altos
348 3488 458 3537 monta.
471 3479 530 3533 lam
543 3477 622 3529 tertia
637 3476 727 3529 banaa
738 3488 838 3526 cornua
851 3470 1082 3541 implectamur,
1095 3493 1126 3529 ex
1140 3491 1192 3546 quo
1204 3476 1271 3529 duco
1284 3480 1363 3530 vitam
1376 3481 1383 3529 i

268 3556 339 3612 inter
349 3553 447 3608 cubilia
460 3565 543 3603 rseua
554 3553 580 3600 ot
593 3545 664 3599 sedas
677 3546 802 3608 lantum,
816 3547 842 3594 et
853 3555 870 3595 s
880 3558 948 3612 rupe
959 3551 1048 3611 specto
1065 3544 1192 3615 05⁰¹⁰P⁰⁸
1209 3546 1353 3613 immam,
1373 3564 1387 3601 ε

268 3630 309 3683 od
319 3641 408 3681 sonum
421 3621 513 3693 pedum
524 3624 551 3673 et
564 3632 665 3670 summ.
679 3611 755 3668 Remi
768 3611 894 3683 praebant
906 3612 974 3665 ma'dr‘
986 3615 1079 3669 miaera
1091 3616 1213 3670 alimenta
1224 3652 1234 3677 ,
1247 3618 1342 3672 tasum
1358 3625 1385 3671 02

266 3714 357 3762 eorus,
370 3703 397 3755 et
411 3685 640 3747 horbaenutriuat
652 3702 696 3739 aas
708 3685 787 3741 vulsis
798 3680 943 3747 radicibus.
959 3682 1177 3754 circumspiciam
1188 3689 1296 3754 amula,
1310 3688 1364 3740 vidi
1379 3690 1386 3741 Ι

264 3786 308 3824 raa
318 3768 427 3821 classem
438 3762 584 3817 tendentem
597 3756 630 3811 ad
643 3756 736 3811 litora:
750 3750 931 3808 destinavisse
942 3751 983 3807 illi
994 3770 1172 3827 quascumque
1189 3765 1273 3812 errat:
1293 3756 1385 3812 suffieit

264 3842 395 3894 nationem
410 3840 560 3889 immanem.
576 3828 629 3886 voa
644 3828 728 3901 potior
739 3840 824 3900 quatu
836 3822 893 3895 ilis,
906 3824 1054 3896 extinguite
1065 3826 1135 3882 brae
1146 3844 1236 3883 oscam
1255 3830 1334 3887 vitam
1353 3846 1384 3883 m.

297 3988 339 4051 (r)
355 3988 485 4055 Latebat.)
502 3986 609 4039 Clausus
622 3983 679 4035 erat
695 3982 756 4031 tuuc
772 3978 876 4046 oculus,
906 3979 942 4032 its
958 3985 988 4033 ut
1002 3996 1129 4034 caesorum
1145 3996 1250 4049 corpora
1269 3980 1294 4032 in
1312 3984 1383 4049 clype

265 4068 356 4117 ncrupe
371 4070 467 4104 somno.
839 4050 844 4059 '
906 4051 1029 4099 tacentur·
1048 4048 1126 4098 Notat
1153 4048 1263 4114 denique
1290 4051 1383 4113 splenii

299 4119 338 4181 (a)
355 4117 469 4182 Argolici
485 4112 569 4184 clypei
586 4114 630 4162 sut
639 4109 771 4162 Phoebeae
781 4108 878 4177 lampa·
908 4115 1066 4171 acerrimam,
1082 4112 1163 4180 qualia
1179 4122 1215 4163 est
1233 4112 1382 4164 Phoebeae.

264 4181 329 4243 dia.)
346 4182 410 4231 Tris
427 4188 519 4244 notat,
535 4178 652 4246 liguram,
669 4174 878 4241 magnitudinem,
908 4174 935 4226 id
951 4187 1007 4234 cst.
1024 4174 1097 4226 Solis.
1285 4174 1293 4183 '

263 4254 289 4295 et
305 4246 462 4310 splendorem
473 4246 551 4297 oculi.
563 4241 762 4311 Nolstfipurum
773 4238 876 4307 quidem
941 4241 983 4304 (3)
1000 4240 1173 4307 Lspidoraquc
1189 4242 1298 4305 corus.)
1315 4242 1381 4295 Ferre

263 4310 413 4365 rotundam,
429 4326 492 4375 quae
509 4311 588 4374 ligura
606 4316 661 4359 ent
676 4304 807 4374 oppetes
861 4328 875 4344 ·
904 4304 1012 4355 arboria.
1031 4304 1089 4355 tut.
1106 4310 1234 4355 ceresiolo:
1247 4308 1290 4373 qui
1303 4309 1381 4358 cubici

262 4377 348 4441 clopcs
366 4376 518 4424 vocabmrm
535 4372 679 4425 a·rotuudo
694 4369 771 4420 oculo
783 4370 828 4421 ’.5
865 4402 872 4417 .
905 4368 974 4420 intua
990 4370 1100 4419 ossiculo
1124 4370 1214 4421 muniti
1239 4372 1380 4423 druissimo.

261 4440 341 4493 Notat
357 4440 557 4503 magnitudinem
568 4440 695 4503 ingentem
707 4452 714 4481 a
724 4432 806 4501 quistis
817 4440 874 4486 erat
903 4441 963 4486 aunt
978 4432 1064 4503 exigui
1079 4435 1188 4502 quilibet
1204 4436 1325 4487 arborum
1343 4438 1380 4489 lor

260 4507 347 4571 eppei
363 4504 549 4571 Argotrctqm
560 4497 748 4567 locumtegebu
757 4498 875 4567 mititem,
