2866 5234
312 317 370 382 371
684 313 714 372 Ρ.
739 310 898 372 VlllGlLll
921 308 1094 370 ulturus

433 423 506 485 Cum
527 421 652 480 clamore
672 417 751 496 Gyas
773 416 949 476 reuocabat:
972 418 1002 473 et
1022 431 1090 476 ecce
1109 413 1281 475 Cloanthum

434 504 561 579 Respicit
582 501 731 559 irritantem
757 502 860 572 tergo,
884 501 913 552 et
935 497 1069 572 propiora
1091 500 1255 557 tementem.
1349 512 1357 529 ·

435 583 486 642 lile
507 585 580 642 inter
601 595 760 655 staremque
781 575 861 654 Gyae
882 574 1072 654 scopulosque
1093 583 1228 635 sonantes

357 666 414 723 170
435 662 520 721 lladit
542 665 597 720 iter
618 663 728 719 laevum
749 657 870 715 interior
892 664 920 723 ¹,
942 655 1109 733 subitusque
1130 656 1253 733 priorem

434 743 602 807 Praeterit,
623 746 652 800 el
673 739 758 799 metis
777 741 852 794 tenet
873 753 997 811 aequora
1021 744 1079 795 tuta
1101 743 1114 771 ²
1137 735 1256 797 relictis.

434 823 510 883 'lum
531 839 601 881 vero
621 821 727 879 exarsit
745 817 846 894 juveni
866 816 951 875 dolor
972 816 1083 877 ossibus
1104 818 1224 890 iugens,

340 935 341 938 =
434 902 492 961 Nec
514 899 649 979 iacrymis
668 914 790 973 capiere
812 914 922 973 genae:
946 914 1117 975 segnemque
1138 895 1315 969 Menoeten,

436 982 553 1044 Oblitus
573 981 744 1054 decorisque
763 977 808 1036 sui
828 976 995 1054 sociquue
1016 985 1025 1012 ¹
1048 976 1169 1047 salutis,

356 1063 414 1126 art
434 1060 472 1123 ld'
488 1077 570 1123 mare
591 1061 777 1137 praeeipitem
798 1061 885 1136 puppi
907 1059 1043 1118 deturbat
1062 1059 1098 1118 ab
1118 1055 1187 1124 alta.

433 1142 500 1216 lpse
520 1140 694 1218 gubernaclo
708 1145 810 1198 sector
832 1139 932 1206 subit,
955 1142 1017 1215 ipse
1039 1137 1193 1213 magister:

435 1222 638 1299 Hortalurque
658 1223 756 1286 viros.
778 1219 951 1297 clavumque
973 1220 987 1255 ⁴
1006 1220 1041 1278 ad
1064 1220 1145 1277 litora
1165 1224 1291 1295 torquet.

436 1304 475 1362 llt
495 1304 592 1378 gravis
612 1309 644 1362 ul
663 1300 750 1361 londo
772 1300 821 1360 vix
842 1299 957 1359 taudem
980 1300 1108 1360 redditus
1129 1302 1189 1359 imo
1207 1308 1252 1359 est

434 1383 498 1442 lam
519 1387 631 1450 senior,
654 1380 822 1456 madidaque
837 1379 931 1440 {luens
953 1382 981 1438 in
1002 1383 1080 1439 reste
1101 1380 1266 1448 Menoetes,-

360 1463 417 1522 180
437 1462 556 1524 Summa
577 1464 650 1539 petit
671 1460 809 1537 scopuli,
829 1464 965 1537 siccaque
987 1462 1014 1519 in
1026 1463 1110 1535 'rupe
1130 1461 1270 1521 resedit!

435 1542 520 1603 lllum
540 1551 570 1603 et
590 1545 736 1602 labentem
757 1535 886 1611 Teucri,
908 1549 937 1599 et
959 1543 1051 1600 risere
1071 1547 1242 1610 restantem3

435 1625 474 1683 Et
493 1623 583 1684 salsos
603 1624 699 1682 rident
719 1629 914 1682 removentem
937 1626 1051 1697 pectore
1072 1622 1190 1681 lluctus.

436 1703 492 1764 llic
514 1705 588 1763 laeta
609 1703 747 1762 extremis
767 1720 830 1777 spes
850 1708 896 1763 est
916 1717 1034 1760 accensa
1054 1701 1188 1765 duobus.
1268 1749 1279 1769 ,

434 1787 571 1862 Sergesto
592 1781 800 1858 Mnestheoque
820 1830 826 1850 ‚
848 1782 942 1859 Gyam
963 1798 1100 1856 superare
1122 1787 1293 1841 morantem.

359 1862 414 1923 185
435 1864 586 1942 Sergestus
606 1867 682 1940 capit
702 1872 768 1922 aute
792 1860 912 1929 locum,
935 1862 1107 1941 scopuloque
1131 1865 1328 1940 propinquat:

433 1944 492 2004 Nec
513 1951 573 2003 tota
593 1944 688 2004 lame'n
710 1946 757 2003 ille
778 1945 857 2020 prior
879 1948 1038 2020 praeeunte
1058 1945 1157 2002 carina
1180 1952 1216 1999 ⁵:

684 2068 1097 2123 tuuutteununrte

275 2194 400 2242 tenentem
418 2190 533 2257 p'roxims
551 2190 642 2259 spats'n
673 2184 717 2239 llle
737 2187 884 2242 Cloanthus·
907 2189 1013 2240 interior
1032 2187 1097 2239 radit
1113 2189 1240 2241 sinistram
1264 2190 1354 2253 riam,

274 2279 332 2314 vem
351 2261 423 2332 Gyae
440 2266 467 2310 et
483 2277 544 2313 snxs
560 2261 697 2328 senentis,
721 2267 747 2311 et
765 2261 911 2329 repentinus
929 2258 1147 2330 praetergreditur
1167 2260 1250 2332 Gyani
1267 2263 1312 2333 qui
1327 2278 1379 2313 moe

272 2333 365 2403 prior,
384 2339 410 2384 el
427 2338 494 2385 tenet
512 2342 627 2385 securum
646 2349 716 2384 mere
734 2331 807 2384 metis
825 2330 978 2403 praeteritis.
998 2333 1073 2385 'l'nnc
1090 2338 1173 2383 sutem
1193 2339 1282 2404 iugens
1301 2332 1372 2384 dolor

270 2411 308 2459 elit
326 2407 352 2459 in
370 2402 486 2457 medullis
502 2401 621 2474 juvenis,
642 2410 668 2458 el
683 2420 766 2475 gense
783 2420 834 2455 non
852 2411 991 2456 cernerent
1009 2404 1150 2475 lacrymis,
1177 2414 1203 2458 et
1221 2408 1379 2471 immemor-q

272 2495 334 2535 ause
350 2484 375 2531 et
390 2477 457 2528 ritae
472 2480 620 2542 sociorum,
637 2475 722 2548 dejicit
737 2475 838 2528 tardum
857 2474 990 2528 Menoeten
1016 2493 1048 2528 ex
1066 2474 1118 2527 ulls
1145 2494 1228 2549 puppe
1246 2493 1352 2548 pronum

274 2551 329 2620 lpse
345 2547 455 2603 succedit
469 2547 645 2620 gubernaculo
662 2547 823 2613 moderator,
850 2547 902 2618 ipse
926 2547 1049 2617 magister
1066 2548 1164 2602 mosa:
1182 2558 1208 2601 et
1224 2548 1339 2601 bortatur
1356 2564 1380 2601 ua

273 2623 349 2674 vertit
365 2623 465 2674 clavum
482 2621 517 2672 sd
532 2622 608 2674 litore
627 2629 720 2675 metue.
752 2620 801 2675 sed
820 2620 970 2688 Menecles,
997 2626 1124 2690 postquam
1150 2629 1274 2689 gravatus
1301 2616 1380 2675 undis

272 2695 372 2748 landem
390 2693 495 2745 emissus
511 2701 549 2746 est
565 2710 598 2746 ex
614 2693 665 2745 imo
682 2692 759 2745 tundo
771 2732 779 2759 ,
801 2691 855 2762 jam
873 2693 958 2745 senior
975 2692 1057 2744 lluens
1075 2692 1180 2745 humide
1201 2694 1226 2745 in
1245 2700 1337 2757 reste3
1366 2708 1380 2745 c

272 2767 441 2819 summitatem
460 2767 530 2836 rupis
546 2771 573 2818 et
590 2765 653 2818 sedit
672 2767 699 2818 in
717 2764 788 2817 arido
805 2781 876 2819 saxo.
895 2763 1000 2834 'l'rojsni
1019 2765 1129 2817 riserunt
1153 2767 1246 2827 illum,
1265 2773 1290 2816 et
1306 2762 1380 2817 codes

272 2846 440 2893 enatantem:
462 2846 488 2889 et
505 2837 587 2890 rident
604 2846 773 2891 removentem
797 2854 812 2887 e
828 2843 928 2906 pectore
944 2839 1035 2888 salsam
1059 2854 1160 2906 aquam.
1180 2838 1252 2890 Turre
1272 2837 1338 2895 bons
1361 2853 1381 2906 sq

271 2910 345 2962 randi
363 2909 443 2982 Gppm
462 2910 607 2962 taedentem
630 2915 689 2962 orte
716 2917 752 2962 est
769 2908 866 2961 ultimis
883 2909 1000 2972 duobus,
1030 2908 1148 2979 Sergesto
1172 2918 1197 2962 et
1215 2909 1381 2971 Mnestheo:

271 2982 392 3051 anticipet
408 2983 540 3051 specium,
560 2989 586 3035 el
602 2983 786 3053 appropinquet
804 2982 881 3051 rupi:
902 2998 950 3034 nec
968 2988 1054 3032 umen
1072 2982 1115 3033 ille
1133 2982 1201 3050 prior
1218 2988 1273 3044 est,
1295 2987 1346 3035 tote
1363 2997 1381 3032 n

307 3120 347 3195 (r)
364 3120 471 3174 laterior
484 3122 503 3192 ).
517 3123 640 3192 Quicquid
650 3125 683 3176 sil
700 3124 731 3178 de
743 3125 817 3196 liujus
828 3141 870 3175 vo·
943 3125 983 3197 (d)
1008 3123 1112 3176 [leceris
1138 3126 1197 3189 sui,
1226 3126 1372 3193 sociumque

271 3195 309 3247 eis
324 3191 514 3262 significatione
533 3196 558 3247 in
575 3195 705 3249 bominum
717 3213 834 3249 consessu
847 3203 871 3249 el
908 3198 1025 3252 Decors's
1043 3198 1106 3260 sets.
1124 3198 1185 3266 quia
1204 3195 1338 3265 indignum
1355 3212 1382 3248 es

268 3268 390 3330 incessu,
410 3268 533 3320 &elram
552 3284 586 3318 an
604 3268 748 3321 canturam
776 3275 873 3338 partem
909 3286 967 3338 pem
985 3271 1065 3321 virum
1087 3268 1119 3318 eb
1137 3260 1222 3339 stiqde
1239 3286 1347 3338 poenam
1362 3284 1383 3319 ss

271 3343 367 3393 nolet:
398 3344 495 3391 certum
524 3346 560 3390 est
591 3340 616 3391 in
642 3339 748 3392 decursu
779 3340 875 3392 cireen·
910 3341 956 3393 bus
974 3342 1091 3409 exigere.
1112 3340 1217 3395 Socirsm
1246 3342 1365 3405 salutes,

270 3411 314 3477 si,
339 3409 487 3462 interiorem
513 3416 609 3480 partem
636 3411 772 3464 sinistram
795 3427 867 3463 esse:
905 3412 1002 3466 salutm
1024 3413 1177 3478 sectorem,
1196 3429 1264 3482 quse
1279 3413 1384 3476 amisso,

270 3484 348 3552 quis,
368 3499 426 3535 cum
454 3484 479 3534 in
508 3483 576 3536 ciroo
599 3493 668 3536 meta
691 3483 724 3535 ed
744 3482 870 3535 sinistram
905 3492 960 3536 tore
976 3485 1176 3554 periclitabatur.
1190 3485 1241 3539 Nec
1260 3487 1341 3556 plseel
1363 3480 1384 3536 C

232 3576 236 3585 ·
270 3570 393 3606 curruum
410 3561 494 3619 essel3
514 3555 618 3608 brevior
633 3553 701 3606 circa
719 3571 775 3606 eam
793 3553 872 3607 flexus
906 3557 950 3629 qui
968 3559 1067 3611 socium
1085 3557 1384 3624 agnoscitaccusatiroc

270 3628 474 3691 senescemus,
506 3627 576 3697 isque
594 3633 661 3679 meta
677 3627 777 3696 propior
794 3632 870 3696 etque
905 3629 966 3699 quia
983 3635 1094 3680 mutetur
1111 3630 1182 3681 verbi
1200 3632 1333 3702 regimen,
1352 3629 1385 3683 ob

268 3697 389 3761 intersim
408 3700 505 3753 dexter
523 3702 606 3751 autem
624 3699 743 3771 selenos·
758 3705 871 3766 atquea
906 3702 994 3766 coecis,
1013 3700 1185 3773 remissaque:
1210 3709 1262 3756 lum
1288 3703 1349 3773 quia
1366 3716 1384 3752 n

268 3774 336 3821 mete
354 3772 480 3823 remotior.
499 3767 603 3842 Igitur,
630 3767 689 3824 ciam
713 3770 811 3822 navale
828 3769 872 3825 bie
906 3773 949 3843 qui
968 3772 1020 3825 dici
1045 3772 1121 3843 pessit
1138 3771 1266 3829 Menoetes
1288 3774 1377 3829 socius

268 3839 341 3892 ludus
362 3842 500 3897 circensem
528 3842 664 3909 imitetur;
690 3843 734 3897 bic
761 3842 874 3898 sisten'or
944 3844 984 3916 (4)
1000 3844 1185 3914 Clarumque).
1207 3847 1270 3901 Pars
1298 3849 1323 3899 in
1347 3862 1386 3898 sus

269 3915 307 3961 est
324 3913 442 3969 siierbler.
463 3918 502 3968 De
525 3913 598 3970 circo
621 3920 647 3969 el
664 3915 742 3969 mstis
753 3955 762 3981 ,
785 3912 873 3985 inira,
909 3915 1047 3970 bernaeulo
1066 3925 1225 3986 transverso,
1245 3923 1324 3972 instar
1341 3935 1386 3988 cap

268 3998 294 4034 v.
316 3982 378 4038 288.
609 4012 621 4033 t
906 3986 1106 4060 gubernaculum
1119 3991 1231 4060 regitur.
1248 3986 1386 4047 uetando

306 4053 346 4125 (s)
362 4058 569 4129 Tuta).llempe
586 4058 724 4130 epericulo
739 4075 870 4128 saxorum,
908 4080 958 4128 re,
988 4076 1073 4112 rernm
1100 4069 1155 4114 eret
1181 4062 1282 4136 longior
1302 4062 1387 4116 letior«

269 4141 334 4193 quse
351 4134 444 4180 metam
461 4129 675 4185 circumstabant:
704 4132 815 4204 nondum
833 4143 871 4187 ts·
926 4134 1012 4204 uppim
1034 4133 1169 4201 religatus,
1186 4154 1236 4207 quo
1253 4152 1356 4188 cursum
1372 4153 1387 4189 n

269 4212 328 4247 men
346 4200 449 4253 omnino
467 4208 540 4269 tuta,
559 4204 619 4274 quis
635 4202 750 4257 nondum
762 4204 870 4258 victoris
939 4211 1025 4258 rnsior
1044 4206 1233 4262 moderabatur.
1254 4211 1292 4262 lle
1308 4209 1388 4263 Testes

271 4275 343 4335 parta
361 4277 435 4322 erat:
460 4281 513 4340 pest
544 4281 635 4328 ructum
657 4277 752 4349 quippe
766 4292 871 4350 supera·
903 4278 992 4348 jonis,
1011 4275 1073 4328 AEn.
1097 4297 1118 4328 ι.
1139 4280 1200 4350 239.

269 4346 340 4399 tam,
362 4344 488 4412 etaliqus
518 4364 550 4397 ex
569 4355 640 4416 perte
657 4349 816 4415 circuitam,
844 4350 871 4401 in
943 4348 983 4418 (5)
1001 4347 1095 4401 Carine
1111 4350 1129 4419 ).
1151 4354 1205 4407 lme
1224 4354 1293 4406 trabs
1308 4359 1389 4419 est‚:

270 4418 368 4479 portum
387 4414 490 4466 sinistre
517 4436 592 4470 cursu
610 4419 766 4474 redeundum
793 4427 869 4491 crat,
908 4423 957 4473 lius
972 4419 1093 4473 fabricam
1112 4423 1228 4478 fulciens.
1248 4434 1272 4478 et
1291 4427 1389 4479 instari

273 4490 300 4534 ut
317 4486 428 4542 dicemus
448 4486 536 4554 inira,
557 4506 580 4543 r,
603 4491 664 4545 sub.
838 4528 842 4535 -
909 4510 986 4563 prora
1003 4491 1034 4545 sd
1053 4497 1155 4565 puppim
1175 4484 1324 4555 decurrens.
1344 4497 1383 4550 De
