2866 5234
344 297 404 363 iet
715 296 747 356 P.
771 291 930 359 tttttdtbtt
956 289 1126 357 dadonis

471 397 599 462 lniernss
620 408 730 461 reseret
749 399 858 470 sedes,
879 403 910 459 ei
931 415 1015 475 regna
1036 396 1166 458 recludat
1203 472 1207 479 Ι

385 482 446 544 2lb
467 480 596 547 t’atttda.
619 479 671 540 ills
691 482 803 551 inuisa;
826 496 971 557 superque
992 481 1121 539 immane
1140 476 1208 536 ltsra

386 594 390 600 -
467 560 631 627 crrnnrnr.
653 560 856 639 trepidenlque
876 561 990 621 immiso
1011 560 1120 618 lumine
1141 554 1207 617 lists

467 643 546 717 Ergo
565 642 708 716 insperata
728 640 901 721 deprensum
922 639 950 698 in
973 638 1038 700 lose
1057 636 1197 715 repentis,

467 720 673 797 inclusumque
693 738 764 781 osvo
783 737 876 789 saro.
900 726 985 797 atque
1006 721 1112 779 insueta
1135 718 1208 779 rode

466 802 596 880 Desuper
615 799 732 862 Alcides
752 802 819 861 telis
839 802 970 878 premit,
990 802 1145 877 omniaque
1165 814 1208 859 arr

386 878 447 943 250
464 883 617 955 Advocat,
640 888 671 943 el
691 883 782 942 ramis
801 882 947 956 vastisque
969 880 1152 940 molaribus¹
1176 878 1209 937 iot

466 960 517 1024 lile
538 968 633 1023 aulem
658 970 775 1041 [neque
794 961 874 1023 enim
893 960 959 1038 luga
977 959 1037 1039 ianr
1058 976 1144 1040 super
1164 958 1209 1019 utt

469 1042 613 1105 Faucibus
633 1046 776 1119 ingentem
797 1041 929 1112 ionum,
951 1041 1082 1102 mirabile
1101 1040 1202 1107 dieto.

474 1123 612 1185 Bromii:
634 1121 815 1197 involvitqne
832 1122 950 1183 domurn
971 1121 1092 1195 ealigine
1112 1135 1198 1180 eaera

472 1206 660 1281 prospectum
681 1204 807 1279 eripiens
825 1203 937 1263 oeulis.
960 1202 1156 1278 glomeratque
1176 1214 1210 1259 sss

395 1286 453 1348 255
472 1282 651 1346 Fumiieram
672 1291 810 1351 noctem.
832 1283 996 1345 commixtis
1018 1284 1081 1356 igne
1102 1279 1211 1357 tenebri

466 1365 529 1425 Non
549 1366 614 1425 tulit
634 1363 748 1425 Alcides
768 1365 893 1428 animis.
913 1380 1002 1440 mque
1022 1364 1085 1443 ipse
1105 1379 1155 1438 per
1176 1360 1211 1437 lgr

472 1445 621 1524 Praecipiti
640 1442 711 1521 jerit
729 1442 829 1512 salio,
851 1459 908 1522 qus
930 1443 1071 1521 plurimus
1091 1439 1197 1500 rrrrdam

468 1523 576 1586 Firmus
595 1526 654 1603 egil
673 1529 700 1593 ¹,
721 1522 882 1603 nebulaque
904 1524 1004 1599 ingens
1023 1540 1123 1602 sperus
1140 1524 1212 1583 aesdt

471 1603 530 1665 tlte
547 1605 656 1669 Cacum
677 1606 706 1664 in
727 1603 853 1666 tenebris
873 1603 1002 1664 incendia
1023 1621 1093 1664 sana
1114 1618 1212 1662 somer

389 1684 451 1748 280
470 1687 615 1763 llorripit,
639 1689 668 1743 in
691 1686 798 1746 nodum
819 1684 1010 1764 complexus:
1032 1693 1062 1744 et
1081 1682 1159 1757 angit
1181 1680 1213 1741 iol

472 1768 561 1827 lllisns
582 1765 702 1833 oculos,
724 1773 754 1827 et
772 1765 882 1827 siceum
904 1765 1044 1840 sanguine
1064 1769 1175 1840 guttur.

468 1847 607 1908 Panditur
627 1846 773 1925 extemplo
794 1846 902 1907 loribus
923 1844 1027 1905 doinus
1047 1852 1110 1904 atra
1130 1842 1212 1915 rerul

472 1927 697 2003 abstractaeque
719 1927 821 1997 boves,
842 1927 1047 2009 abjurataeqqe
1067 1923 1182 2003 rapinae
1200 1928 1213 1959 ⁸

469 2006 557 2066 Cnelo
577 2006 787 2067 ostenduntur:
811 2009 987 2084 pedibusque
1009 2006 1132 2065 informe
1151 2002 1215 2064 ends

391 2082 451 2145 265
472 2084 676 2145 Protraltittrr:
700 2094 847 2165 nequeunt
866 2085 978 2164 expleri
998 2086 1085 2146 eorda
1105 2084 1213 2144 luendo

474 2166 636 2226 Terribiles
656 2167 777 2237 oeulos,
800 2170 936 2235 sottum.
961 2165 1122 2243 villosaque
1141 2166 1213 2225 setis

453 2248 591 2310 ·Perlora
612 2246 758 2318 semiferi,
780 2252 867 2325 atque
887 2248 1029 2307 extinctos
1051 2243 1178 2306 faucibus
1199 2245 1216 2322 ip

473 2325 517 2385 Es
540 2328 585 2386 illo
606 2325 766 2387 celebratus
786 2328 900 2393 bonos,
924 2330 1047 2403 tauqrn
1068 2329 1194 2385 minores

470 2405 629 2466 Seruarere
649 2407 747 2478 diem,
770 2410 938 2485 primusque
961 2406 1081 2465 l‘otilins
1101 2407 1115 2444 ⁴
1137 2411 1217 2467 ausis

717 2512 1135 2577 ΙΝΤΕΒΡΒΕΤΔΉΟ
1177 2570 1180 2574 .

310 2616 336 2664 et
354 2607 458 2664 umbros
472 2612 583 2660 demant
598 2606 655 2660 lues
672 2603 755 2660 iniusa
776 2605 863 2678 ltaque
881 2606 1001 2661 Hercules
1017 2605 1128 2677 desuper
1144 2610 1218 2678 urget

310 2683 479 2751 interceptum
497 2677 526 2732 in
543 2677 641 2732 lumine
658 2677 783 2749 inopino,
802 2685 828 2731 et
843 2679 960 2733 clausum
977 2679 1005 2733 s'n
1023 2695 1085 2751 rupe
1099 2695 1186 2745 casa,
1204 2694 1218 2729 s

312 2755 400 2810 nodo.-
415 2759 441 2817 ‚et
458 2750 562 2805 adhibet
579 2758 670 2806 cuneta
687 2767 780 2816 armo,
796 2757 822 2804 el
838 2752 958 2823 opprimit
975 2750 1072 2813 romu,
1090 2757 1117 2804 et
1133 2750 1219 2819 magni

310 2827 393 2896 (nom
411 2824 509 2879 nudum
520 2824 577 2898 jam
595 2828 672 2878 restat
688 2823 812 2895 effugium
823 2823 989 2895 discriminis)
1003 2822 1096 2877 emittit
1112 2830 1219 2894 gutture

312 2896 426 2951 miranda
441 2895 511 2950 dielu
521 2933 532 2962 ,
550 2903 577 2949 ot
596 2896 685 2965 implet
704 2902 779 2950 mlum
797 2897 943 2965 speluncam
961 2894 1078 2950 obseuris
1095 2892 1207 2948 tenebris

197 3010 202 3025 ,
311 2971 360 3023 lis:
379 2976 406 3022 el
421 2968 522 3038 colligit
534 2966 581 3020 sub
597 2968 721 3039 spelunea
736 2975 833 3024 nomem
847 2968 979 3036 fumidam,
992 2968 1074 3022 mistis
1092 2965 1201 3021 tenebris
1216 2996 1220 3019 r

307 3039 437 3112 praeire
454 3055 506 3092 non
522 3040 641 3093 tolerarit
658 3042 730 3094 dor:
752 3047 778 3094 et
797 3043 852 3113 ipse
869 3040 975 3094 immisit
992 3058 1019 3093 se
1036 3037 1169 3111 praecipiti
1185 3036 1220 3091 sal

311 3122 388 3184 porte
405 3110 499 3165 multus
516 3107 599 3165 summ
616 3111 722 3181 impellit
739 3131 769 3167 ae
785 3113 816 3169 in
835 3113 950 3179 undam,
969 3117 994 3165 el
1012 3128 1105 3183 magua
1124 3112 1220 3183 speluor

313 3182 382 3237 bem.
401 3183 471 3237 'l'om
487 3183 657 3252 apprehendit
674 3184 775 3238 liscum
792 3193 951 3241 evomentem
972 3186 998 3235 in
1021 3184 1134 3238 tenebris
1149 3182 1221 3236 inutii

310 3273 372 3311 essm
388 3253 416 3307 in
434 3255 548 3307 nodum:
567 3260 594 3308 el
609 3254 757 3310 incumbens
781 3258 885 3327 stringit
906 3258 993 3313 oeulos
1009 3264 1126 3310 extrusos
1137 3282 1162 3323 ,α
1173 3262 1200 3309 el

311 3325 452 3397 sanguino.
470 3326 561 3381 Statius
579 3327 693 3397 aperitur
712 3329 790 3397 nigra
806 3330 931 3401 spelunca
946 3327 1024 3402 portis
1037 3326 1145 3384 sraelis:
1163 3332 1189 3381 et
1199 3344 1222 3380 er

313 3398 438 3457 abdueiae
454 3403 480 3451 et
497 3399 607 3467 prandeo
624 3399 723 3452 oblatae
740 3417 799 3455 oum
818 3402 952 3472 perjurio:
982 3407 1008 3454 et
1024 3399 1125 3455 l'uedum
1142 3402 1221 3455 esdar

312 3469 394 3524 enimi
411 3476 540 3540 nequem
554 3470 663 3538 ostiari,
682 3471 817 3541 speetando
833 3475 919 3526 oculos
937 3472 1094 3541 horribiles,
1120 3480 1146 3527 et
1160 3470 1222 3527 ineu

317 3541 383 3598 cnei
396 3541 525 3614 hispidum
543 3542 621 3614 pilis,
649 3548 675 3597 et
696 3546 769 3615 ignes
787 3545 911 3599 extinctos
938 3549 965 3599 in
981 3553 1095 3618 gutture.
1115 3544 1157 3599 Ab
1176 3544 1222 3597 illo

248 3642 253 3652 ·
313 3613 400 3739 qloria
416 3614 561 3672 llesrols's.
585 3622 610 3668 el
630 3616 720 3684 posieri
738 3617 882 3687 gaudentes
899 3618 1034 3673 coluerunt
1051 3620 1121 3674 bone
1138 3614 1223 3671 diem:

336 3686 439 3756 otiiitrs,
458 3693 486 3740 et
501 3684 600 3767 familia
618 3687 743 3759 Pinaria,
761 3689 877 3743 ministra
894 3691 1012 3746 Herculei
1029 3688 1173 3758 uenerit,
1189 3686 1224 3743 eol

313 3848 316 3857 ·
351 3825 391 3898 (ι’)
405 3824 569 3902 Molaribus).
580 3830 653 3884 Saxis
670 3832 829 3903 grandibus,
846 3850 911 3906 quae
981 3833 1021 3905 (d)
1039 3833 1156 3899 Potitius,
1166 3828 1225 3903 eto.)

317 3900 441 3955 molarum
459 3902 542 3955 instar
558 3912 651 3956 essent.
823 3911 824 3914 ’
946 3908 1052 3960 eaedem
1069 3905 1129 3962 Cani
1168 3909 1224 3956 tum

354 3970 394 4042 tn)
412 3973 510 4029 Undam
527 3974 613 4029 lomus
630 3976 684 4047 agit
695 3974 715 4046 )
733 3976 868 4047 Vaporem,
887 3977 913 4030 in
947 3977 1000 4032 mia
1017 3978 1048 4031 de
1068 3944 1152 4047 gregd
1164 3980 1225 4057 ⁹cept

317 4042 418 4096 mudum
428 4046 511 4129 undae
519 4054 704 4132 erumpentem,
717 4046 910 4119 (asergadda.
947 4056 1036 4104 ctum:
1057 4047 1180 4133 odilsds'tss
1197 4064 1226 4131 oq

336 4112 394 4195 .(·³)
410 4116 597 4203 Abpurqlaeque
616 4119 740 4200 rupinae).
759 4120 911 4203 duslasser·
945 4121 1168 4206 passionisque
1185 4118 1226 4203 d'ar

318 4192 913 4345 {lilim'Zdfiinluissir‘iii'idl
946 4194 1169 4319 ldd‘nllll:
1182 4208 1228 4318 ‘02⁶0

320 4324 474 4412 Germanum
501 4334 630 4401 elalros,
656 4335 749 4405 quibus
764 4335 911 4404 mentior,
944 4354 997 4407 psa
1009 4344 1118 4417 praesto
1136 4341 1226 4418 esses!

320 4414 386 4468 qnna
413 4418 474 4471 quea
496 4403 590 4460 dolen
618 4424 649 4462 re
667 4415 746 4480 nepos
765 4410 913 4480 osnsjaro
946 4415 1049 4463 restam·
1067 4405 1175 4461 Psnorra‘
1187 4422 1229 4461 err

320 4477 404 4525 mento
422 4481 447 4525 et
460 4476 590 4547 pespirrsir.
903 4528 907 4536 ,
947 4476 1064 4539 trudunt
1080 4477 1230 4551 depende
