2866 5234
252 341 311 406 aaa
562 318 565 325 ’
619 341 649 399 a.
674 334 832 399 vrnorcu
862 333 1032 398 aranours

296 444 353 505 tut
374 442 449 505 Siste
468 443 610 523 gradum,
627 450 719 522 ,leque
739 447 857 520 aspectu
877 457 913 501 oe
933 439 1071 500 sarlrlrahe
1089 444 1198 500 nostro.

373 522 465 596 Quem
488 526 581 597 trapis?
601 531 764 585 extromum
785 521 845 583 lato
864 530 874 557 ¹
898 520 974 597 quod
996 524 1025 578 ta
1045 517 1197 595 alloquor,

374 608 489 668 Talibus
509 604 616 665 AEncaa
636 607 785 666 ardentem
803 608 833 663 et
852 606 936 663 torua
957 604 1085 667 tuentem
1102 604 1117 633 ¹

378 685 495 746 Lenibat
514 686 597 745 dictis
618 688 773 758 animam,
795 683 998 760 lacrymasque
1017 678 1120 742 ciebat.
1211 754 1216 763 1

375 764 427 825 illa
448 765 510 827 solo
530 763 604 825 fixos
624 766 723 827 oculos
741 781 840 824 aversa
862 762 996 822 tenebat:

297 849 356 910 tto
375 848 435 908 Nec
454 846 546 923 magia
566 847 682 925 incepto
701 845 812 906 uultum
832 859 967 903 sermone
988 846 1139 907 mouetur.

374 926 467 1001 Quam
488 927 511 985 si
533 925 607 986 dura
626 928 699 987 siler
718 934 767 987 aut
786 928 843 984 slot
863 923 1006 1001 Marpesia
1026 926 1123 981 cautas
1143 928 1166 979 ⁸.

372 1007 502 1066 'sarrdem
522 1007 662 1084 proripuit
682 1022 765 1073 aesc.
788 1010 874 1080 atque
893 1004 1004 1063 inimica
1025 1000 1131 1076 relugit

373 1085 406 1146 ln
428 1105 529 1146 nemus
547 1085 762 1148 umbriferum:
784 1082 890 1161 conjux
911 1084 958 1144 ubi
980 1080 1177 1160 pristinas-illi

374 1163 536 1244 Respondet
555 1166 658 1237 curis,
678 1172 840 1244 aequatque
859 1164 996 1227 sichaeus
1017 1178 1155 1222 amorem.
1211 1178 1217 1187 ·

296 1246 354 1308 1075
374 1242 433 1306 Noc
454 1246 547 1306 minus
567 1245 698 1318 Meas,
719 1263 788 1307 casu
809 1260 959 1321 percussus
980 1243 1107 1319 iniquo,.
1198 1260 1206 1271 “

379 1326 562 1401 Prosequitur
581 1326 742 1405 lacrymans
764 1327 867 1402 longe,
888 1331 918 1385 ct
938 1325 1091 1383 miseratur
1108 1326 1222 1383 enaim

378 1405 445 1466 indo
466 1406 562 1465 datum
584 1407 700 1469 molitur
720 1408 796 1466 iter:
818 1405 937 1484 jahrquc
956 1420 1027 1463 aava
1047 1402 1181 1463 terrebant

374 1485 503 1560 Ultima,
526 1503 601 1565 quae
621 1488 692 1547 bello
712 1486 783 1546 clari
804 1497 915 1548 asarota
935 1483 1128 1559 frequentant.

272 1597 276 1606 ·
375 1566 431 1628 Hic
450 1566 490 1626 illi
510 1569 638 1629 occurrit
660 1565 777 1645 'l'ydeus
797 1569 832 1635 ⁸,
855 1569 903 1627 hic
923 1564 1045 1640 inclytus
1062 1565 1151 1623 armis

297 1650 355 1711 tao
376 1646 627 1725 Parthenopaeus.
649 1654 680 1706 ct
701 1649 813 1708 Adrasti
835 1654 846 1682 ⁵
866 1642 998 1725 pallentis
1017 1643 1121 1720 imago.

374 1724 431 1788 Hic
452 1729 573 1790 multum
594 1727 651 1788 uati
674 1727 709 1786 ad
728 1745 868 1804 superos.
892 1725 1023 1801 belloque
1042 1721 1142 1783 caduci

374 1807 559 1869 Dardanidae
579 1811 613 1879 ⁸3
634 1825 706 1885 quos
725 1805 774 1867 illc
793 1823 895 1868 omnes
914 1804 999 1882 longo
1018 1804 1117 1866 ordina
1136 1819 1225 1867 carna

621 1942 1036 2002 llt'ruuuuuuhulu

212 2066 321 2121 Contine
336 2083 476 2138 gressum,
494 2074 521 2121 et
538 2085 571 2121 ne
587 2067 714 2123 subducas
731 2075 756 2122 te
774 2067 922 2138 conspectui
940 2085 1009 2120 meu.
1035 2064 1116 2132 Quem
1131 2059 1225 2131 lngisl

214 2156 283 2191 mum
300 2149 409 2209 tempor,
426 2152 477 2209 quo
493 2146 574 2193 tecum
592 2142 685 2210 loquor
698 2158 750 2212 per
766 2139 855 2193 iatum.
869 2140 966 2192 AEneas
983 2136 1110 2192 mulcebat
1121 2134 1220 2209 talibus·

210 2208 291 2263 iratae
307 2217 332 2263 et
347 2226 437 2283 aspera
452 2209 593 2280 intuentis,
612 2220 637 2265 ct
655 2212 709 2266 aidi
719 2213 775 2283 apri
788 2211 907 2265 mouebat
922 2211 1059 2283 lacrymas.
1078 2208 1125 2261 llla
1142 2203 1227 2260 inhna

208 2280 251 2334 loa
266 2281 364 2335 defixus
381 2285 409 2337 a'rr
424 2289 528 2339 terram.
546 2286 600 2339 Nec
615 2303 641 2339 m
678 2283 700 2335 is
723 2291 840 2337 inuretur
867 2284 1010 2340 seeundum
1026 2280 1118 2336 faeiem
1143 2278 1177 2332 ab
1202 2294 1227 2331 ut

212 2353 360 2422 sermonis,
378 2369 453 2439 quam
470 2357 492 2408 si
510 2363 559 2409 rtet
576 2355 641 2427 lapis
674 2374 754 2423 urus,
774 2364 817 2409 aut
835 2373 914 2425 rupes
931 2353 1068 2425 Marpesia.
1088 2350 1228 2422 Deniquet

212 2423 279 2495 sugit
296 2425 400 2479 inimica
418 2426 446 2477 in
464 2428 553 2481 silvam
571 2429 737 2484 umbrosam:
763 2428 808 2481 ubi
827 2429 897 2500 prior
916 2428 1020 2480 maritus
1039 2424 1161 2478 Sichaeua
1178 2438 1228 2493 rcrp

210 2495 354 2565 liciludioe,
368 2505 394 2550 ot
408 2507 497 2567 aequat
514 2514 629 2557 amorem
646 2500 712 2572 ejus.
730 2499 904 2555 Nihilominus
922 2499 1019 2552 AEnens
1035 2502 1178 2552 commotus
1188 2510 1229 2548 aaa

211 2574 257 2635 tc,
274 2566 353 2639 longe
368 2571 481 2643 sequitur
496 2573 721 2645 cuntem-plorans
737 2580 764 2626 et
781 2576 916 2629 miseretur
932 2572 1003 2642 ejus.
1022 2568 1084 2623 Inde
1098 2564 1229 2639 percoquit

212 2655 267 2694 aum
284 2648 309 2695 et
322 2645 376 2712 jam
400 2645 541 2713 alligarunt
566 2662 669 2716 campos
698 2651 844 2713 extremos,
875 2659 937 2716 quau
961 2647 1090 2712 separatos
1116 2640 1228 2692 incolunt

211 2710 287 2766 bello.
306 2715 355 2779 Hic
373 2717 485 2770 occurrit
501 2718 538 2771 illi
557 2716 673 2790 Tydeus,
693 2717 736 2771 hic
752 2718 957 2788 Parthenopaeus
973 2716 1075 2767 illustris
1092 2714 1190 2779 armis,
1207 2716 1230 2765 al

211 2788 242 2837 tii
259 2785 358 2858 pallidi.
378 2789 428 2845 Hie
444 2787 554 2862 Trojani
572 2789 647 2842 ratde
663 2788 787 2859 deplorati
805 2791 873 2842 inter
889 2790 980 2854 risus,
1001 2794 1027 2839 et
1043 2786 1120 2840 occisi
1138 2786 1166 2840 a'rr
1188 2798 1230 2856 pra

227 2925 284 3010 ,(ι)
302 2927 452 2985 Extremum
470 2931 541 2995 iulo,
568 2938 621 2985 ete.
632 2932 651 3001 ).
671 2932 761 2998 Neque
779 2952 804 2985 e·
839 2933 968 2986 Eteoelcrn
986 2930 1101 2983 fratrem.
1124 2927 1232 3000 Tydeus

206 3016 262 3051 nrm
279 3000 387 3070 amplius
403 3004 548 3058 merirum
568 3012 748 3074 mortuumque
767 3008 805 3057 vi·
839 3025 895 3061 rum
914 3004 983 3075 regis
1000 3004 1087 3069 salius,
1106 2997 1232 3054 Adrastia

207 3069 269 3121 dore
290 3073 403 3139 poteris:
420 3091 471 3127 non
488 3076 592 3139 virum,
606 3078 665 3147 quia
682 3079 804 3147 pauculae
839 3081 881 3152 gis
899 3075 978 3131 filiam
996 3091 1104 3130 uxorem
1118 3071 1208 3136 duxit,

207 3146 304 3194 tanturn
331 3144 413 3197 horca
436 3145 499 3197 mihi
526 3148 558 3200 ad
581 3149 646 3201 hace
669 3150 804 3203 invisenda
840 3153 919 3206 niees.
940 3149 989 3201 Pro
1006 3146 1127 3220 Polynice
1146 3145 1231 3215 legato

207 3212 264 3266 loca
279 3212 385 3268 deorum
403 3216 534 3270 voluntale
549 3234 581 3273 ac
600 3218 652 3272 salo
669 3238 803 3274 concessae
838 3240 920 3295 regno
936 3220 968 3273 ud
987 3219 1118 3275 Eteocleas
1134 3214 1233 3268 ‘thebas

206 3290 285 3340 aunt:
304 3303 356 3340 non
376 3294 523 3353 mortuum,
541 3292 600 3360 quia
617 3307 674 3343 sors
691 3308 748 3345 mea
765 3291 804 3345 la·
838 3315 868 3349 eo
885 3292 986 3347 insidiis
1004 3291 1150 3364 appetitus,
1168 3286 1234 3338 riros

208 3358 460 3443 lumqnetbellaluris
478 3360 803 3418 aliialnlcrorumsodibus
838 3369 908 3420 solus
926 3365 1061 3436 superarit.
1089 3360 1156 3415 Hinc
1180 3375 1234 3414 rere

209 3445 252 3483 ¹³⁰
267 3430 372 3484 added·
493 3446 497 3453 ·
839 3439 992 3493 castulonem
1005 3434 1235 3489 urursnmaarn

245 3500 285 3575 (a)
301 3500 389 3556 Torva
409 3510 558 3561 tuentem...
575 3509 631 3561 solo
650 3506 717 3559 saxos
743 3526 806 3564 ocu.
840 3528 993 3581 regressus,
1010 3525 1027 3559 a
1046 3506 1192 3577 Menalippa
1208 3500 1235 3555 'n

208 3573 281 3629 los...
301 3573 421 3647 averia).
439 3576 502 3629 Diali
542 3596 573 3632 ua
593 3587 726 3650 tempora:
750 3585 806 3708 ‘pri-
840 3595 911 3637 ratns
929 3580 1055 3637 occubuit.
1074 3578 1236 3649 Diomedia}

211 3662 254 3699 ¹¹¹⁰
270 3649 338 3715 ellim
357 3655 429 3701 ῑθΠθ
446 3656 563 3719 ΜΡΝ,
588 3668 649 3704 111⁰¹
674 3650 731 3704 ⁸⁰¹0
769 3657 807 3711 xil
842 3657 900 3710 iude
922 3640 1037 3727 Tydida}
1061 3644 1223 3721 appellatur,

208 3719 317 3785 oculus,
344 3726 399 3773 lum
416 3718 525 3793 denique
540 3723 651 3792 avertit,
669 3724 712 3777 rel
728 3743 805 3780 uaer-
876 3728 915 3802 (i)
933 3726 1141 3794 Parthenopaeus
1159 3726 1184 3773 cl
1201 3716 1237 3772 Ad

211 3809 262 3856 ro,
284 3810 336 3845 non
355 3791 386 3845 ad
404 3794 508 3861 oeulos,
527 3795 569 3847 sed
586 3795 617 3848 ad
635 3796 749 3851 animum
767 3800 804 3853 in·
839 3800 1067 3870 Parthenopaeus,
1082 3793 1238 3847 Atalaultet

211 3860 307 3919 serarum
325 3863 454 3928 refertur,
473 3872 500 3918 ul
519 3866 581 3919 aun.
603 3868 630 3929 d.
649 3867 709 3921 toa.
838 3872 887 3925 lius
902 3910 910 3938 ‚
928 3868 1068 3925 Arcadibus
1086 3864 1238 3937 imperaritt

244 3935 283 4006 (³)
309 3938 437 4008 hlarpesia
461 3939 576 4011 cautes).
595 3939 668 3993 Mons
695 3958 805 3996 marmu-
840 3942 963 3995 Thelme
993 3939 1073 4013 bello¹
1089 3935 1239 4003 incolumis²

210 4020 269 4056 reus
288 4008 314 4061 in
334 4011 415 4063 insuia
433 4010 520 4074 Paro,
539 4027 589 4063 una
606 4030 621 4063 e
641 4012 801 4083 Cycladibus,
837 4014 928 4068 deinde
946 4009 1096 4066 occubuisse
1113 4009 1239 4064 dieitur.1

210 4075 242 4128 <le
263 4083 390 4160 quaAEn.
410 4082 437 4137 3.
459 4083 518 4138 aab.
542 4083 618 4154 jualo
635 4086 801 4154 Stephanum.
840 4086 1017 4157 Argiuorum,
1044 4100 1119 4136 suecr
1135 4079 1240 4153 'lydus

211 4148 262 4199 Ant
276 4156 349 4219 Juxta
373 4156 548 4223 Jornandem‚
578 4155 685 4210 Cauemi
711 4159 805 4210 montis
839 4158 881 4221 qrri
898 4173 991 4227 magno
1019 4156 1108 4208 amissi
1138 4150 1241 4207 exercitt

210 4222 348 4305 parsum
361 4226 517 4282 Amazonum
541 4229 632 4298 regina
654 4230 805 4299 Marpesia,
840 4228 984 4282 Thebarum
1008 4228 1125 4281 omittere
1150 4230 1240 4280 ooaclu

211 4308 276 4359 quae
303 4291 359 4345 illic
383 4297 520 4368 aliquando
546 4300 679 4357 habitarit.
698 4301 737 4354 Do
765 4300 805 4359 Sa'
841 4301 949 4374 patriam
981 4299 1092 4369 rugienti
1116 4298 1209 4352 similia
1238 4316 1242 4352 l

213 4361 316 4441 chineo,
335 4364 397 4418 AEu.
422 4387 444 4428 r.
471 4372 534 4444 347.
837 4370 943 4452 poliens
961 4370 1004 4423 hie
1021 4370 1125 4425 dicitur.

250 4434 292 4515 (4)
312 4433 429 4523 Tubu&
459 4449 508 4495 alc.
524 4443 544 4515 ).
566 4444 651 4498 Duces
668 4449 808 4502 occurrunt
877 4444 918 4518 (d)
935 4442 1029 4499 caduci
1047 4440 1235 4515 Dardanidae).

211 4504 279 4588 balla·
302 4506 439 4580 tustani,
467 4530 514 4582 pro
540 4513 661 4586 Polynice
688 4518 809 4575 adversus
844 4518 886 4573 ‹b'r
899 4557 909 4585 ,
939 4513 1061 4587 Trojanis
1083 4514 1144 4571 AEn.
1178 4533 1200 4568 r.
1231 4534 1244 4568 a
