2866 5234
304 278 316 285 ⁵
399 288 605 356 AENElDOS
625 289 701 354 LlB.
722 287 779 353 lll.
1086 300 1090 307 ‘
1128 282 1213 358 δή

130 390 162 451 st
184 405 272 467 pereo
293 389 431 451 manibus
453 392 630 462 hominurn,
651 390 777 466 periisse
796 387 925 467 jurabit.

131 472 277 531 Dixerat:
301 474 332 531 et
351 488 447 548 genua
467 471 646 548 amplexus,
668 470 850 546 genibusque
871 471 1009 532 volutam

131 549 298 609 Hierebat.
323 547 382 624 Qui
403 551 464 619 sit,
488 549 567 621 lari,
589 567 648 625 quo
669 551 815 624 sanguiue
834 553 961 622 cretus.
1061 610 1067 625 ,
1148 578 1151 585 ·

130 627 317 688 Hortamur:
341 646 420 704 quae
441 628 548 690 deiude
571 631 663 704 agitet
684 626 826 700 lortuna,
848 625 948 691 lateri.

48 708 110 774 eto
130 705 196 782 lpse
219 713 305 781 pater
325 705 470 768 dextram
494 708 660 774 Anchises,
684 706 762 779 hapd
786 705 878 767 multa
901 709 1063 778 moratus,

130 787 188 861 Dat
207 785 308 862 juveni
331 792 421 864 atque
443 790 574 848 animum
595 787 744 864 praesenti
769 786 892 862 pignore
913 800 925 830 ¹
951 787 1071 848 firmae
1178 847 1184 858 ,

129 868 182 926 lile
205 867 291 933 haee,
314 865 447 942 deposita
469 867 588 927 tandem
613 862 772 924 lormidine'
796 863 900 925 latur:

117 945 204 1002 >Sum
229 947 323 1020 patria
344 963 382 1004 ex
406 946 507 1007 llltaca
530 957 544 987 ¹
564 990 571 1010 .
595 961 697 1004 comes
719 942 843 1003 infelicis
864 944 1006 1023 Ulyssei‚

131 1022 248 1082 Nomen
271 1024 489 1086 Achemenides
509 1025 548 1081 ⁵:
573 1023 695 1100 Trojam
718 1023 852 1097 genitore
873 1025 1040 1087 Adamasto

51 1102 112 1166 615
133 1100 309 1177 Parrperat
335 1101 573 1181 (mansissetque
595 1107 706 1163 utinam
729 1098 846 1162 fortuna
862 1102 894 1184 l]
916 1104 1069 1182 protectus

115 1178 190 1240 -itto
213 1198 281 1250 me,
305 1183 375 1242 dum
396 1186 503 1261 trepidi
525 1183 656 1242 crudelia
681 1182 780 1240 limina
805 1181 961 1260 linquunt,

131 1258 328 1322 Immemores
348 1265 420 1321 socii
443 1271 527 1322 vasto
546 1263 683 1337 Cyclopis
707 1262 734 1316 in
755 1261 876 1320 antro⁵

132 1337 313 1399 Deseruere.
336 1339 450 1401 Domus
471 1345 553 1402 sanie
574 1341 759 1414 dapibusque
780 1344 932 1413 cruentis,

140 1420 224 1476 intres
242 1437 356 1496 opaea.
381 1423 501 1490 inacus:
526 1424 588 1495 ipse
609 1421 743 1484 arduus,
766 1420 887 1497 altaque
908 1421 1007 1499 pulsat
1093 1490 1096 1496 ⁴

57 1496 118 1559 620
141 1497 265 1570 Sidona
291 1495 359 1577 (itti
383 1500 472 1560 talem
496 1503 584 1559 terris
606 1503 734 1557 avertite
758 1497 895 1575 pestem)

137 1575 200 1636 Nee
223 1579 289 1637 visu
309 1577 423 1645 lacilis.
448 1595 503 1637 neo
525 1578 605 1636 dietu
627 1575 754 1635 affabilis
777 1576 841 1637 ulii.

138 1656 309 1716 Visceribus
329 1664 530 1724 miserorum.
554 1664 587 1715 et
606 1658 746 1731 sanguine
766 1661 899 1718 vescitur
920 1662 996 1717 atro.

134 1735 204 1793 Vidi
227 1740 370 1810 egornet.
393 1738 453 1794 duo
474 1739 512 1795 de
533 1751 657 1793 numero
679 1751 747 1793 cum
769 1751 896 1812 corpora
918 1743 1040 1809 nostro,

139 1811 250 1873 Prensa
273 1830 361 1873 mauu
384 1832 512 1888 magna,
535 1814 633 1872 medio
654 1815 813 1887 resupinus
837 1819 864 1874 in
886 1819 975 1875 antro

56 1891 118 1952 625
139 1891 308 1967 Frangeret
329 1895 366 1953 ad
388 1912 517 1962 saxum,
540 1894 686 1968 sanieque
708 1910 825 1967 aspersa
848 1901 989 1955 natarent

20 1972 29 2035 ’,
137 1970 276 2031 Limina:
301 1972 362 2031 vidi
381 2016 389 2043 ,
411 1979 566 2033 atrocum
588 1972 723 2030 membra
747 1972 868 2031 llrreritia
891 1976 962 2035 tabo

136 2048 315 2122 lllanderet‚
339 2059 369 2112 el
390 2053 482 2130 tepidi
506 2057 670 2113 tremerent
693 2051 747 2109 sub
770 2050 909 2113 dentibus
929 2059 1013 2115 artus

366 2162 852 2214 tttTEaPttsss'asto

10 2277 52 2327 m,
63 2259 140 2314 dulce
152 2264 200 2316 erit
214 2264 309 2335 perire.
324 2265 452 2319 Dixerat:
466 2272 491 2319 ct
504 2264 665 2334 amplectens
678 2281 767 2334 genus
779 2274 876 2320 nostro
884 2302 894 2331 ,
907 2270 932 2318 cl
951 2262 1069 2335 abjectas
1087 2262 1115 2316 ia
1132 2278 1233 2334 genus,

12 2333 111 2387 arebat.
127 2330 269 2389 incitamus
282 2334 395 2400 eam,'ut
408 2335 478 2387 dicat
491 2338 534 2407 qui
548 2336 591 2401 sil,
605 2353 658 2406 quo
670 2342 740 2387 ortus
753 2337 901 2404 sanguin03
921 2343 1002 2407 atque
1022 2342 1109 2406 poetes
1122 2333 1234 2389 tueatur

10 2421 49 2456 rae
62 2419 188 2457 soracum
203 2416 289 2460 vexet.
304 2406 360 2475 lpse
372 2414 442 2477 pater
455 2408 603 2472 Anchises,
619 2423 669 2457 nou
684 2414 837 2475 exspectans
854 2403 951 2459 diutius
971 2405 1083 2479 porrigit
1099 2403 1235 2461 dexteram

11 2473 86 2541 veni,
101 2482 127 2525 ct
138 2475 277 2530 conlirmst
291 2478 346 2550 ejus
359 2480 472 2530 animum
484 2481 534 2532 Aoo
546 2476 907 2548 prosporolestimoniofidei.
916 2476 962 2530 itta
972 2491 1080 2530 excusso
1090 2476 1236 2530 messaara

10 2560 83 2596 mum
98 2544 210 2614 loquitur
222 2566 229 2600 :
245 2549 309 2602 Sum
322 2567 355 2602 ex
370 2551 451 2615 patria
465 2547 563 2612 ithaca,
578 2565 666 2600 comcs
679 2548 766 2600 miseri
784 2545 893 2617 Ulpasis:
907 2563 1000 2599 nomen
1014 2547 1082 2600 miAr'
1093 2555 1135 2598 eat
1147 2544 1236 2600 aase-

10 2612 108 2682 euldcn,
123 2622 170 2684 qui
184 2620 281 2670 iseram
294 2619 403 2690 Trojam
417 2629 488 2687 patre
503 2620 643 2674 Adamasto
657 2633 770 2688 paupere
784 2619 932 2671 exsistente
944 2655 952 2683 ‚
966 2625 990 2669 ct
1007 2618 1106 2669 utinam
1118 2614 1164 2669 illa
1181 2631 1239 2681 sors
1345 2616 1349 2623 ’

10 2685 49 2738 ita
62 2687 214 2741 marisissrtl
229 2688 277 2740 llic
288 2691 354 2742 socii
365 2688 427 2741 dum
443 2690 546 2758 lugiunt
558 2688 644 2741 icatini
658 2689 790 2755 crudelem
801 2687 915 2754 domum,
926 2686 999 2740 obliti
1008 2690 1063 2741 mei
1071 2701 1112 2739 me
1123 2685 1237 2763 relique·

10 2763 45 2808 ost
59 2756 86 2805 iu
102 2764 171 2807 vasta
183 2773 296 2811 caverna
309 2758 440 2830 Cyclopis.
455 2760 551 2811 Domus
564 2768 605 2812 ert
619 2761 725 2811 interius
741 2759 888 2824 tenebrosa,
899 2773 1008 2827 magua,
1020 2758 1082 2823 talio
1092 2764 1117 2808 et
1129 2756 1240 2828 sangui-i

10 2825 96 2880 ibatis
109 2826 273 2895 eibisplerru:
287 2829 341 2898 ipae
353 2827 463 2900 Cyclops
476 2828 627 2892 altissimus,
640 2837 664 2882 ct
677 2830 764 2898 tangit
777 2828 830 2882 atra
843 2835 933 2884 saus:
952 2825 1020 2898 (Dii,
1033 2833 1135 2880 servata
1154 2833 1240 2885 terras
1276 2873 1288 2893 ¹.

16 2895 63 2950 tali
78 2897 207 2965 pernicis)
221 2915 269 2951 nec
284 2899 369 2952 lacilie
382 2899 473 2968 sideri,
488 2917 536 2954 uec
547 2915 663 2953 sermone
675 2897 786 2952 sll'alrilis
797 2899 915 2969 cuiquam
930 2915 938 2950 ε
960 2897 1075 2967 pascitur
1093 2898 1236 2954 visceribus

11 2968 136 3021 berorum
150 2975 175 3019 et
188 2970 264 3038 nigro
275 2971 412 3092 sanffuine.
429 2967 490 3020 Vidi
503 2986 553 3039 ego
569 2973 636 3039 ipsa,
648 2986 707 3022 cum
720 2973 827 3037 supinus
840 2966 927 3023 media
939 2967 966 3019 in
980 2982 1096 3023 caterua
1114 2967 1238 3026 allideret

10 3038 125 3106 lespera
140 3038 190 3090 duo
203 3056 310 3108 corpora
341 3057 478 3093 enumero
491 3047 577 3110 nostro
589 3041 773 3109 comprehensa
786 3038 888 3108 magnis
901 3038 1022 3091 manibus
1033 3074 1042 3105 ,
1054 3047 1081 3093 et
1100 3047 1174 3108 porta
1191 3056 1236 3095 sa·

10 3106 117 3162 sudaret
130 3113 261 3180 unguine
273 3110 386 3166 iniecta:
407 3109 472 3180 ridi,
486 3128 547 3167 cum
559 3109 695 3166 devorarat
707 3110 822 3164 membra
833 3110 955 3164 stillantia
975 3109 1053 3181 tabo,
1072 3116 1100 3165 et
1117 3111 1238 3167 mambra

11 3256 54 3322 (t)
69 3237 195 3309 Praesenti
214 3261 327 3328 pignore.
342 3261 354 3322 )
369 3260 478 3325 Tradita
497 3278 573 3313 mann
586 3250 600 3320 ,⁸
629 3259 826 3315 Acaemaenidem
844 3269 927 3312 vocat.
1243 3322 1246 3327 ³

10 3320 48 3371 tud
70 3321 128 3372 fidel
144 3324 242 3399 ripnrnn
260 3325 317 3376 lirit.
336 3325 380 3378 Sic
406 3325 513 3380 Curtius
532 3330 550 3378 l.
569 3329 592 3379 5.
662 3327 701 3394 (ἱ)
718 3327 901 3393 Pauperc.)Ut
917 3341 944 3375 se
961 3324 994 3376 ad
1010 3326 1116 3391 Troiam
1129 3339 1181 3375 nou
1194 3338 1239 3377 w·
1304 3356 1308 3366 ·

10 3385 90 3436 arium
107 3396 256 3439 morientem
273 3391 309 3441 ita
327 3389 422 3442 inducit
440 3406 498 3441 cum
515 3394 562 3444 Pol
581 3423 595 3437 -
627 3391 724 3442 lrrntate
742 3393 881 3457 proiectum
899 3390 1024 3448 ostendat.
1043 3391 1182 3503 leobertane
1196 3405 1241 3440 ae-

10 3455 61 3527 rtio
81 3450 242 3529 loquentem:
265 3455 426 3506 *Akxaadro
455 3455 502 3506 lroc
523 3457 550 3526 fi
571 3460 598 3508 ei
627 3456 1009 3509 cassitatisexcusationemsic
1027 3457 1135 3506 Sinoria
1171 3454 1240 3504 Pria·
1320 3478 1336 3498 ·.
1416 3504 1419 3512 ,

10 3529 72 3581 μοι
98 3530 205 3568 unacum
229 3517 350 3571 dexterae
368 3537 464 3587 pegasus
487 3538 536 3588 pro
554 3540 593 3573 nas
626 3537 695 3572 mum
716 3525 777 3572 Are.
795 3540 818 3574 a·
837 3525 879 3588 87.
900 3521 1006 3585 Puraper
1030 3525 1059 3570 iar
1075 3535 1147 3568 arma
1161 3528 1240 3584 poter·

10 3580 64 3632 rtis.
81 3579 156 3632 Haec
173 3584 299 3635 dictantem
321 3598 429 3653 acceptu
449 3586 595 3655 Porsenae
624 3587 715 3654 prieris
727 3585 782 3638 Aac
799 3592 865 3636 misit
883 3585 916 3637 ab
934 3588 1021 3635 annu.
1182 3644 1189 3656 .

10 3645 294 3699 matiscentium·
660 3653 703 3715 (5)
722 3652 842 3718 Cyclopis
860 3651 887 3702 iu
904 3657 1014 3713 antro.)
1038 3644 1198 3713 Polyphemi.
1215 3647 1242 3698 is

14 3712 58 3777 (a)
74 3711 112 3762 Es
127 3710 221 3770 ithaca,
238 3719 301 3778 etc.)
318 3714 402 3766 lnsula
420 3716 499 3765 estad
510 3716 593 3768 siurim
625 3718 764 3783 Ulyssem,
781 3716 916 3790 apprrlaum
934 3716 960 3765 in
977 3713 1111 3768 Siciliam,
1138 3719 1164 3761 et
1181 3728 1241 3765 carm

10 3775 185 3835 tristitiarum,
203 3795 260 3843 pars
278 3795 344 3843 regin
366 3781 471 3846 ulyssisr
483 3796 557 3848 supra
568 3798 592 3831 r.
624 3782 697 3832 scriis
715 3782 848 3832 duodeerm
867 3782 901 3829 ad
915 3795 940 3828 ee
954 3778 1105 3837 venientem,
1116 3784 1190 3827 antro
1202 3775 1242 3827 in-

10 3856 41 3891 to·
56 3855 116 3908 71²·
139 3839 242 3908 Ulsseei
258 3861 306 3907 pro
323 3843 430 3910 ursaia,
441 3849 493 3897 Aen
509 3847 590 3914 saal.
625 3847 721 3894 clanim
740 3845 839 3896 tcnuitr
866 3845 1042 3909 devoratiaque
1060 3859 1102 3895 sex
1119 3859 1150 3891 ex
1168 3841 1242 3915 illis.

11 3904 56 3973 (³)
72 3904 473 3970 Achemenider.)1²ictumnomen
487 3911 594 3974 abanet
625 3909 660 3957 ab
676 3911 766 3976 Ulysse
783 3910 835 3960 sini
855 3918 917 3976 potu
943 3910 1059 3972 sopitus.
1087 3909 1244 3973 impactam

10 3979 91 4032 m,
107 3978 207 4029 capim
223 3989 332 4022 maneo:
350 3976 410 4040 qrria
427 3975 592 4026 derelictura
626 3976 728 4023 ocarlum
746 3976 817 4024 elasa
835 3980 983 4025 carate-stne
1010 3981 1054 4022 est.
1074 3974 1180 4040 Ulyssee
1196 3973 1244 4023 de-

10 4032 102 4089 e‘tist'n
119 4034 233 4101 moerore
249 4039 292 4087 diu
310 4037 411 4099 saerata
429 4041 494 4090 uude
513 4039 592 4090 mimir
626 4037 683 4087 iude
702 4037 750 4087 sub
767 4039 876 4088 arietum
892 4036 961 4087 witi·
978 4039 1059 4087 socios
1069 4053 1146 4104 seqare
1158 4040 1243 4102 ipsum

10 4099 111 4152 suarium
130 4100 205 4166 horare
227 4103 336 4151 norriinis
366 4105 463 4154 nullum
489 4112 591 4172 etymon
626 4101 775 4167 implicuit.
793 4110 890 4154 etcum
908 4116 1029 4165 gregeex
1048 4108 1123 4151 antro
1134 4101 1244 4153 ommis.

11 4182 126 4235 perisses
151 4168 253 4232 ideoque
281 4166 467 4219 rasorii-eastum
496 4173 596 4219 ‹trraisae
628 4166 699 4280 guae
717 4165 769 4217 iure
785 4166 904 4238 describit
915 4165 1044 4239 ‚llornrrus
1055 4164 1171 4232 Odyss.9.
1184 4166 1242 4218 105.
1302 4185 1309 4195 ·

10 4229 166 4298 peruiride,
183 4233 252 4297 quasi
270 4232 301 4280 ab
318 4251 384 4292 aper
407 4233 480 4282 valde
496 4239 521 4283 el
536 4251 597 4293 μινα
655 4249 686 4280 uc
702 4229 813 4282 imitatur·
832 4229 974 4293 Virgilius:
993 4230 1115 4295 fingthne
1131 4247 1191 4282 casu
1203 4246 1245 4280 re·

10 4297 597 4425 destitisti'iiti'sq'ltiitlit
630 4294 1245 4428 lll'tli‘.:i‘rlillrin'iiiirdlrti

146 4397 154 4415 ⁸
293 4397 301 4422 ἱ

10 4425 492 4496 ίηίϋοςαυίεωίριίῑ,ὴυυοίμιιω
501 4428 601 4494 saepius
