2866 5234
515 301 712 366 nnonnrun
736 301 811 381 nm.
834 301 887 364 tn.

138 403 202 464 535
224 405 409 480 Arentesque
431 409 537 462 sonant
558 405 659 480 ripae,
682 400 828 479 collesque
850 402 957 480 supini.

221 486 345 559 Jamque
365 486 541 547 catervatim
561 481 612 543 dat
630 488 780 556 stragem,
804 487 891 558 ntqne
912 491 1033 562 aggerat
1048 487 1126 564 ipsis

221 565 254 624 ln
275 561 398 623 stabulis
420 564 497 640 turpi
519 563 635 643 dilapsa
656 563 799 621 cadavera
823 564 910 621 tabo:
1095 638 1098 644 Ι

223 642 322 704 lluneo
344 644 434 704 bunio
456 646 577 718 tegere,
598 661 634 704 ne
656 641 749 719 lopeie
770 642 953 703 abscondere
972 643 1097 706 discant.
1211 718 1214 723 Ι

224 723 297 782 Nam
319 720 416 802 neque
436 730 501 783 erat
522 724 611 782 coriis
632 740 723 783 usus:
747 741 799 806 trec
818 724 931 782 viscera
954 725 1110 803 quiequam

103 870 106 875 ‚
138 808 204 867 titii)
224 803 285 863 Aut
305 805 389 865 urrdis
410 802 528 864 abolere
550 807 667 880 polest,
689 811 740 863 eut
761 802 879 863 vincere
899 803 1029 865 [lamina.

221 883 282 944 Nec
304 888 423 944 tondere
444 884 565 962 quidem
582 885 710 949 morbo,
737 883 898 961 illuvieque
920 902 1020 959 peresa

220 960 362 1035 Vellera,
385 983 436 1025 nee
457 964 532 1025 telae
553 969 674 1039 possunt
695 966 839 1039 attingere
854 971 974 1041 putres.

221 1040 336 1104 Verum
358 1048 448 1121 etiam
471 1045 578 1104 invisos
600 1046 623 1104 si
645 1045 711 1121 quis
733 1048 861 1103 tentaret
883 1046 1032 1115 amictus,

163 1172 171 1188 .
222 1125 367 1185 senentes
390 1127 537 1203 papulae,
560 1129 650 1201 alque
674 1127 840 1184 immundus
862 1124 969 1182 olentia
992 1129 1082 1187 sudor

140 1202 206 1269 565
226 1204 361 1266 illembrn
383 1207 584 1282 sequebatur:
608 1224 661 1264 nee
684 1207 767 1280 longe
789 1205 893 1265 deinde
917 1211 1042 1266 moranti
1208 1264 1212 1272 ,
1242 1273 1245 1276 ,

219 1284 389 1364 Tempore,
411 1289 563 1346 contactos
587 1292 670 1345 uritis
693 1304 778 1344 sneer
802 1288 875 1360 ignis
898 1298 907 1325 ¹
932 1285 1051 1346 edebat.

453 1396 924 1469 tununenernrro

64 1501 120 1572 peis
129 1475 238 1554 nolitis
250 1497 379 1551 cadevera
390 1494 532 1551 dillluenlin
546 1499 620 1550 inodo
634 1499 694 1552 tubo
706 1516 712 1549 ι
726 1500 808 1551 donec
822 1497 848 1550 in
865 1507 983 1553 mentem
998 1498 1070 1555 veuit
1078 1501 1189 1572 papiriis
1207 1500 1316 1572 sepelire

64 1594 97 1628 eo
113 1583 195 1636 terro,
207 1583 231 1624 et
244 1570 375 1625 occultare
388 1571 413 1622 in
428 1569 518 1622 levois.
536 1572 600 1625 Nom
614 1588 697 1644 neqne
711 1572 769 1623 irtio
781 1575 841 1622 erni
859 1573 961 1624 utilitas
974 1574 1000 1623 in
1014 1572 1106 1626 coriis:
1123 1590 1170 1626 nec
1182 1575 1315 1645 qnisquam
1400 1618 1406 1635 ,

66 1653 149 1714 potest
164 1645 272 1698 abluere
287 1641 370 1708 undis,
384 1651 426 1694 out
441 1660 553 1710 purgare
566 1647 626 1714 igne
640 1647 741 1695 viscere
754 1658 762 1696 t
776 1659 809 1694 oo
822 1657 855 1694 ne
871 1644 981 1696 tondere
994 1645 1095 1714 quidem
1110 1645 1184 1699 villos
1196 1664 1312 1699 morosos

64 1720 109 1771 lue
123 1726 148 1769 et
160 1719 243 1769 s'anie:
259 1733 307 1768 nec
321 1723 423 1785 posunt
436 1725 545 1775 trusere
560 1722 622 1768 telas
637 1716 763 1786 putridus.
778 1712 828 1766 Sed
842 1716 955 1768 etiamsi
973 1717 1219 1787 quisottroctnvernt
1234 1729 1313 1772 rietes

61 1791 204 1859 ejusmodi
214 1788 312 1839 odiosas
327 1822 334 1848 ,
350 1789 470 1839 ardentes
483 1791 621 1855 pustulae,
634 1796 658 1841 et
672 1789 760 1839 ioedus
772 1783 846 1838 sudor
858 1787 1017 1841 adhaerebat
1031 1788 1150 1840 membris
1163 1793 1311 1858 groveolon·

67 1864 155 1915 tibus:
172 1872 195 1912 et
211 1878 285 1912 ¹‹rreer
300 1857 371 1928 ignis
384 1862 533 1914 ninnniotat
546 1860 639 1915 deinde
651 1859 890 1929 membrnjoedoto
903 1859 978 1933 ejua,
992 1860 1036 1930 qui
1051 1858 1089 1911 tel
1102 1861 1173 1912 brert
1192 1866 1312 1932 temporis

60 1936 147 2003 spolio
160 1931 278 1985 terdabnt
290 1949 337 1985 eos
348 1932 489 1986 di'intttere.
1078 1950 1081 1962 ·

37 2416 47 2423 ,
284 2224 1097 2388 onenoeoonnnn
1257 2158 1264 2171 ’

502 2510 726 2624 LIBER
766 2511 870 2626 IV.
1237 2490 1241 2499 ¹

269 2752 274 2763 -
357 2714 1023 2773 w

480 2944 901 3035 ARGUMENTUM.

103 3092 196 3153 POST
215 3098 319 3155 brevem
339 3099 372 3155 de
389 3102 484 3173 apibus
503 3109 527 3155 el
545 3098 690 3155 mellatione
708 3098 906 3174 propositionem
922 3097 1192 3175 ,dedicationemque
1210 3096 1315 3172 operia,

69 3184 133 3240 opu
152 3173 234 3242 ipsum
253 3180 310 3226 ocur
326 3176 441 3244 partibus
459 3173 620 3245 exsequitur.
642 3173 662 3228 Ι.
685 3174 729 3227 Est
746 3175 779 3226 de
796 3171 931 3224 commoda
950 3186 1027 3242 apum
1047 3175 1213 3230 habitatione.
1229 3173 1259 3223 ll·
1277 3169 1315 3221 ue

70 3258 159 3295 urum
179 3243 361 3315 pabulotione,
380 3247 564 3310 examinibus,
585 3247 689 3315 pugnis.
713 3245 759 3298 lll.
779 3245 817 3297 De
835 3240 934 3295 duabus
946 3259 1038 3297 earum
1051 3248 1195 3315 speciebus.
1211 3243 1257 3296 lV.
1275 3243 1313 3293 llo

72 3329 161 3367 uren
178 3317 252 3385 quasi
269 3317 340 3371 cirili
360 3321 520 3389 prudentia,
541 3325 566 3371 el
584 3316 728 3386 republica.
748 3316 784 3371 V.
805 3313 844 3367 De
863 3316 1015 3370 nuntiationis
1034 3320 1200 3390 temporibus.
1216 3312 1261 3368 Vl.
1276 3312 1314 3364 De

71 3386 168 3440 ubis
184 3404 284 3457 apum,
303 3392 504 3460 morborumque
525 3391 606 3459 signis
623 3407 655 3443 ac
673 3389 802 3445 remediis.
825 3387 880 3440 llll.
901 3387 940 3440 De
958 3406 1034 3459 apum
1055 3394 1234 3460 reparatione,
1253 3400 1314 3438 eum

116 3460 215 3511 ierunt.
237 3459 309 3514 Vlll.
329 3461 368 3514 lle
385 3463 555 3532 reparationis
574 3461 835 3531 bujneinventione,
855 3467 880 3511 et
898 3469 1004 3515 auctore
1023 3464 1143 3518 Aristaeo
1155 3502 1168 3531 ‚.
1181 3458 1255 3531 eujus
1275 3456 1312 3508 in·

100 3530 153 3585 len
171 3528 270 3603 epilogi
289 3531 346 3588 loco
365 3534 419 3588 inse
437 3544 547 3588 narrat:
565 3533 700 3604 eidemque
717 3534 808 3589 attexit
827 3532 943 3588 [obulum
963 3535 1107 3607 Eurydices
1124 3544 1150 3589 et
1168 3529 1277 3604 Orphei.

179 3670 336 3784 Protinus
357 3725 427 3784 aerii
450 3724 545 3784 mollio
567 3721 705 3785 caelestia
725 3721 801 3782 dona
823 3735 837 3764 ¹
987 3792 990 3798 ¹

221 3802 395 3882 exsequar:
418 3806 492 3865 banc
514 3809 625 3875 etiam,
649 3803 831 3871 Maecenas,
854 3805 952 3881 aepioe
974 3819 1010 3881 pa
1020 3809 1108 3865 rtem.

365 3942 367 3949 .
446 3893 920 3952 I‘NTERPRETATIO
1149 3943 1152 3952 .

94 3976 226 4035 &nunno
240 3981 386 4037 describam
399 3983 524 4039 coelestin
537 4001 645 4039 munera
657 3983 720 4036 serii
741 3983 836 4051 meliis.
853 3981 875 4035 0
895 3980 1051 4036 dioecenasl
1073 3978 1131 4034 inve
1149 3981 1212 4036 boio
1231 3981 1310 4039 elien
1376 4019 1377 4023 =

92 4133 135 4196 (t)
152 4130 227 4182 sacer
245 4131 331 4199 ignis.)
347 4134 415 4184 lllale
433 4135 535 4186 Servius
553 4136 678 4202 interprc-
709 4143 768 4197 tem,
787 4135 900 4201 repitque
915 4150 963 4202 pei·
978 4145 1056 4184 natm.
1151 4163 1157 4174 ·

64 4198 177 4247 loturde
194 4212 269 4248 onero
293 4203 397 4261 niorto,
422 4202 467 4268 qui
495 4203 612 4270 epilepsia
630 4211 675 4251 eat.
743 4203 870 4261 (alderti
890 4198 1316 4265 melliscaelintiadona.)Exaere
1383 4215 1387 4223 ·

64 4261 163 4330 Reliqui
182 4267 214 4314 de
238 4284 269 4317 eo
294 4267 336 4334 qni
362 4266 457 4316 dicitnr
486 4268 580 4334 rnlqo,
608 4271 678 4333 igitir
711 4283 751 4314 ros
763 4265 858 4323 delluit,
870 4267 1034 4333 adbaeretque
1046 4265 1149 4319 iloribut
1161 4272 1184 4317 el
1194 4272 1315 4322 arborum

62 4330 162 4381 d'mcri
178 4332 312 4383 Aeterni.
328 4331 434 4384 Graecis
462 4346 551 4397 spirat,
575 4335 677 4395 Plinio,
708 4332 794 4383 loliis=
814 4331 872 4382 inde
888 4332 1015 4398 colligitur
1035 4334 1069 4384 ab
1093 4335 1203 4403 apibus,
1228 4336 1318 4388 etmel

63 4392 353 4459 taeterrimorum,
379 4407 432 4448 eta
452 4397 572 4450 Lucretio
590 4401 624 4450 ita
641 4401 680 4450 de·
712 4399 853 4451 conficitur.
871 4399 955 4465 (lirare
972 4400 1039 4450 neris
1054 4401 1258 4454 etenelidonum
1270 4397 1317 4455 eil.

64 4462 187 4514 ecribitnr
206 4466 225 4514 t.
241 4463 267 4513 6.
287 4459 400 4514 Exsistit
418 4481 493 4515 socer·
509 4468 577 4531 ignis
594 4467 681 4515 einr-it
713 4462 752 4520 lle
769 4465 924 4522 Maecenate
942 4465 969 4518 in
986 4470 1186 4537 argantorq.
1270 4478 1273 4483 ’

62 4544 170 4595 opipare
188 4534 677 4600 serpensquemeumqueerripuitpot··
