2866 5234
322 304 325 309 ²
429 369 845 460 Aoouuauruu
876 373 935 457 ui
970 294 1319 461 eucoucei

217 1193 410 1307 Bucolicum
429 1256 548 1302 carmen
568 1239 648 1302 idem
669 1248 716 1304 eet
737 1259 770 1302 ao
790 1242 951 1321 pastorale.
965 1242 1095 1306 deducto
1117 1244 1271 1306 oomioea
1287 1262 1319 1326 pr

209 1343 338 1402 quorum
358 1327 429 1383 aunt
447 1321 597 1398 praecipui
617 1324 667 1399 qui
689 1330 796 1383 curant
818 1326 921 1391 bores.
936 1326 1000 1384 eive
1022 1323 1157 1392 bubulci,
1175 1323 1319 1407 Graece*

107 1452 112 1461 .
212 1416 275 1486 ρους
296 1403 425 1477 torono
448 1402 475 1460 iu
496 1417 613 1477 genere.
627 1401 768 1482 virgilius
790 1402 996 1471 Theocritum,
1010 1403 1237 1484 Syracusanum
1255 1420 1316 1482 poa

212 1488 336 1550 tandum
357 1483 413 1544 eibi
435 1481 596 1557 proposuit.
1299 1498 1306 1503 ·

153 1582 157 1586 ·
291 1562 427 1624 Carmina
447 1559 594 1638 ejusmodi
616 1577 669 1623 aua
693 1562 811 1626 vocarit
825 1560 1011 1624 Theocritus
1030 1560 1152 1638 idyllia.
1168 1561 1315 1636 Virgitiua

209 1647 265 1706 Eat
285 1649 386 1706 autom
406 1647 509 1711 rator„
533 1639 655 1718 Eclopo,
670 1644 805 1706 delectus
827 1658 991 1718 paucorum
1014 1642 1128 1719 aliquot
1148 1641 1319 1717 opusculorr

209 1723 314 1792 ritui,
336 1737 413 1800 quae
434 1722 540 1785 lecerit
560 1728 663 1786 auctor
679 1767 689 1793 ,
711 1741 765 1785 nec
782 1723 853 1787 tuoe
871 1722 961 1796 iligna
978 1720 1132 1796 iudicarit:
1150 1723 1218 1787 rel.
1240 1719 1319 1785 dolor

210 1804 335 1865 rendam
357 1819 524 1875 versuum,
554 1817 630 1877 quoe
649 1823 667 1864 e
688 1803 854 1865 Theocrito
880 1816 935 1879 per
957 1802 1153 1881 imitationem
1184 1817 1319 1877 erprcaai

207 1888 284 1945 enirn
305 1890 427 1950 reterre
449 1881 560 1961 eli'pcrr.
573 1885 722 1942 scorreria.
739 1879 818 1941 Male
832 1882 1086 1941 aulem·scribitur
1101 1880 1316 1958 aquibusdaut

209 1966 293 2040 quasi
314 1965 350 2024 ab
370 1975 414 2038 ωε
434 1979 525 2036 capra
545 1967 627 2026 λογος
649 1978 769 2021 eerruo:
794 1966 858 2020 tum
879 1961 948 2037 quia
970 1977 1027 2020 non
1051 1969 1169 2030 ειὶογη,
1188 1959 1241 2019 sed
1265 1980 1319 2032 cry«

208 2044 301 2103 conda
322 2053 401 2104 esset
417 2061 425 2097 r
443 2048 507 2099 tum
529 2041 598 2115 quia
621 2042 740 2099 rainima
763 2056 838 2114 pars-
861 2039 954 2117 hujus
973 2045 1074 2118 operis
1097 2041 1134 2102 ad
1171 2057 1280 2115 caprae
1313 2060 1319 2121 1

208 2121 246 2178 nd
267 2138 361 2185 ovea.
382 2123 509 2181 cantur.
538 2135 683 2189 umores,
718 2117 809 2178 mullo
832 2124 982 2180 maxima:
1016 2126 1080 2182 turn
1110 2122 1239 2196 deniquo
1259 2123 1319 2197 quir

206 2198 336 2276 Rclogae
357 2199 421 2260 aliie
442 2196 579 2273 operibus
600 2199 739 2259 tribuitur
761 2199 837 2276 bene
859 2199 962 2259 multis
977 2200 1005 2257 in
1027 2204 1136 2276 quibus
1159 2202 1319 2276 pastoritio

208 2284 299 2337 immo
314 2277 387 2337 nihil
399 2279 643 2353 omniuopreoler
653 2279 793 2341 delectum
807 2276 1208 2353 significatTaieshabomue
1228 2277 1319 2341 hodie

210 2358 341 2425 Diodori,
357 2355 509 2419 Strabonis
532 2357 678 2434 licioque,
692 2359 755 2418 sire
776 2360 917 2434 excerpta
938 2376 955 2417 e
977 2356 1083 2435 majori
1105 2375 1197 2434 opero
1217 2355 1319 2419 :Olea

208 2440 297 2497 vocal
316 2435 452 2498 Sidonius
472 2436 669 2512 Apollinaris,
691 2437 769 2498 varii
788 2437 927 2496 carminis
942 2434 1068 2514 Eclopor
1082 2458 1093 2497 :
1109 2436 1243 2518 ejusdcm
1266 2436 1317 2499 llo

212 2525 299 2595 tyrae
320 2518 495 2592 quibusdam
518 2519 547 2577 in
569 2514 721 2579 codicibus
741 2515 869 2590 Eclcpor
891 2517 1105 2578 inscribuntur.

291 2593 402 2674 Coepta
423 2603 492 2658 eunt
513 2596 647 2658 Bucolica
668 2612 744 2656 aueo
765 2593 880 2670 Virgilii
897 2592 949 2655 ΞΘ.
967 2594 1104 2658 Exeunte
1120 2643 1127 2668 .
1145 2596 1225 2660 U.C.
1240 2594 1311 2656 713.

213 2676 262 2736 oio
283 2676 428 2754 perlectae
451 2682 485 2738 ut
502 2675 566 2755 jam
587 2677 618 2736 iu
642 2668 737 2748 Vita,
759 2691 888 2753 moxque
907 2674 1028 2752 siugulis
1050 2680 1079 2739 io
1101 2678 1218 2756 Eclogis
1239 2680 1319 2739 disse
