2866 5234
304 320 307 324 -
336 278 395 344 aie
704 270 734 331 n
757 222 919 335 vunnim
940 262 1137 329 nanoms'

374 381 433 442 eut
452 383 511 443 Nee
531 377 580 438 tibi
601 378 666 437 dira
686 393 790 453 parens
811 384 834 447 ¹,
856 375 970 450 generis
989 387 1043 433 ner
1064 369 1215 431 Dardanus
1235 375 1249 405 ·
1267 368 1362 429 auster

438 461 587 528 Poride,
611 456 660 518 aed
680 458 760 518 duria
780 457 879 532 genuit
900 458 928 512 te
947 451 1078 515 mutibus
1096 449 1218 510 horreos

452 543 621 607 Couemna.
643 537 857 614 -liyreaneeque
877 544 887 572 ⁸
908 536 1063 596 admorunt
1081 531 1171 600 ubera
1192 531 1289 604 tigres.

454 620 617 696 Numquid
639 617 811 677 dissimulet
833 624 881 676 aut
921 632 976 674 uae
996 630 1044 674 me
1063 612 1100 671 ed
1123 608 1230 671 me‘ore
1254 625 1364 670 reterre

350 755 356 765 .
452 702 526 762 Num
548 700 617 760 lietu
640 699 776 776 ingemuit
797 636 924 758 nostrod
943 713 1011 755 num
1032 694 1140 770 iumine
1160 627 1266 751 duxit?

373 784 431 844 370
453 784 526 843 Num
547 782 689 857 lacrymas
708 777 801 837 victus
820 777 925 837 dedite
946 780 996 835 aul
1017 776 1171 834 miseretur
1191 773 1334 829 aulantem
1355 785 1365 827 r

451 861 531 936 Quae
550 861 655 939 quibus
674 855 835 919 anteferam
856 859 898 918 *ἵ
916 856 979 936 jem
994 855 1057 933 jam
1077 869 1129 912 nec
1148 856 1161 887 ¹
1182 851 1306 910 maxima
1324 847 1366 911 dut

454 944 513 1004 Nee
533 940 685 1003 Saturnius
705 938 777 999 naec
798 937 891 998 oeulis
911 943 995 1016 pater
1014 935 1116 1015 aspicit
1137 931 1246 1008 aequis.

453 1024 603 1103 Nusquam
624 1025 684 1081 tuln
706 1016 778 1078 fides
798 1023 810 1053 ⁸
831 1017 964 1098 Ejectum
983 1014 1094 1083 litore,
1116 1015 1250 1090 egentum

460 1105 589 1181 Excepi,
611 1105 641 1160 et
661 1103 743 1176 regui
764 1099 884 1161 demens
907 1101 933 1158 io
954 1101 1037 1177 parte
1054 1098 1176 1159 toran:

377 1185 436 1246 3⁸15
457 1187 599 1247 Amisiam
621 1182 762 1249 classem,
782 1180 875 1240 sonioa
896 1195 913 1237 a
933 1185 1026 1239 morte
1046 1173 1161 1237 reduxi.
1182 1223 1185 1230 ,

457 1265 542 1327 lieul
565 1260 649 1322 iuriis
670 1262 783 1320 incensa
803 1259 893 1320 ieror.
917 1258 1000 1320 Nune
1020 1274 1112 1333 enque
1131 1250 1258 1331 apollo,

457 1346 542 1406 Nune
561 1342 668 1421 Lyciae
687 1350 780 1402 sortes
798 1384 806 1412 ,
829 1357 902 1400 eune
923 1345 954 1400 et
973 1338 1046 1399 dore
1065 1339 1170 1398 missus
1189 1333 1226 1393 ab
1245 1333 1308 1410 ipso

448 1426 604 1505 ¹interpres
623 1422 722 1485 disum
742 1420 799 1480 lert
819 1421 937 1480 horrida
955 1419 1036 1497 jussa
1054 1434 1107 1494 per
1128 1431 1225 1475 auree.
1344 1432 1346 1437 ·

458 1506 574 1567 Seiiieet
591 1505 616 1562 is
635 1503 748 1581 ruperis
768 1502 846 1562 iebor
866 1507 932 1570 est,
953 1517 988 1560 ea
1009 1516 1078 1560 eura
1099 1498 1211 1574 quimus

377 1589 437 1651 380
457 1586 606 1648 Sollicitet.
631 1583 730 1663 Neque
748 1589 778 1644 te
799 1587 909 1650 teneo.
932 1598 1025 1659 neque
1044 1578 1120 1639 dicta
1139 1575 1238 1638 retello
1260 1585 1281 1635 ⁷.

711 1727 1127 1789 interpausatio

299 1877 338 1924 eat
355 1867 414 1933 dea,
426 1883 473 1920 nee
484 1863 616 1918 unumne
635 1854 723 1918 euelor
740 1860 852 1915 familiae
869 1870 929 1929 eat,
942 1878 957 1913 o
968 1861 1086 1932 perlide;
1104 1860 1148 1915 red
1169 1859 1295 1913 &nemus
1312 1859 1375 1912 born

299 1938 400 2013 rupibus
416 1939 514 2008 peperit
531 1940 575 2002 te,
592 1943 619 1988 et
634 1935 768 2008 Hyreauae
785 1934 861 2004 tigres
879 1932 1048 2006 praebuerunt
1064 1935 1112 1989 ta'da'
1125 1933 1212 1986 ubera.
1225 1931 1289 1999 Quid
1301 1933 1369 1984 enim

298 2020 342 2063 aut
359 2026 424 2080 quae
440 2010 558 2075 graviora
574 2005 701 2077 expectet
718 2007 759 2060 du
776 2008 874 2076 gemuit
893 2006 927 2060 ob
944 2006 1031 2059 lletum
1057 2003 1164 2058 meum?
1180 2022 1211 2057 en
1230 2004 1334 2057 obvertit
1351 2020 1376 2056 oe

297 2083 420 2136 emollitus
437 2077 500 2132 tutu
517 2079 662 2150 lacrymas,
681 2084 726 2130 aut
742 2078 857 2130 misertus
873 2085 910 2131 est
927 2075 1060 2129 amentis?
1076 2074 1148 2140 Quae
1165 2076 1254 2148 quibus
1272 2073 1376 2146 praeiere

297 2223 377 2365 edat
389 2311 395 2346 :
409 2239 513 2348 ww
530 2239 613 2346 daed:
622 2237 725 2345 emdeeea
741 2296 766 2343 et
781 2291 860 2345 eoeioa
882 2258 903 2343 a,
914 2238 1002 2346 tudrte.
1022 2259 1092 2345 bidui
1112 2239 1197 2365 :epioe
1215 2291 1374 2345 inflammata

299 2366 372 2421 Nune
392 2364 483 2434 Apollo
498 2370 588 2431 vater,
606 2380 673 2417 nune
688 2361 793 2417 oreeule
812 2362 927 2436 byciae,
956 2380 1023 2417 noue
1041 2364 1144 2419 nuntius
1167 2364 1272 2417 deorum
1296 2364 1379 2417 miarut

292 2437 363 2492 dove
381 2443 461 2508 portat
477 2453 522 2507 per
536 2440 622 2490 tinem
639 2435 704 2489 duta
721 2433 849 2488 mandate.
871 2436 947 2502 Quasi
967 2453 1028 2489 vero
1045 2437 1065 2488 ia
1081 2435 1225 2491 eeetiebor
1242 2436 1379 2502 deorum,a

301 2517 405 2563 vexaret
421 2527 467 2563 eoa
484 2508 642 2580 tranquiline.
661 2508 746 2580 Neque
764 2512 789 2561 te
804 2508 920 2575 retineo,
941 2525 1021 2578 neque
1038 2505 1120 2560 refuto
1136 2526 1202 2580 quoe
1219 2506 1314 2563 dixisti.
1332 2507 1366 2575 1,

337 2648 378 2721 (r)
398 2649 447 2704 Net
457 2649 501 2703 tibi
512 2650 572 2704 dire
581 2647 891 2722 parens‚eto.).1drumpit
959 2648 999 2723 (3)
1014 2648 1148 2715 Caucasus,
1161 2650 1353 2723 Hyrcanaeque,
1366 2665 1381 2700 e

301 2721 405 2776 Didonis
430 2720 501 2775 iuror
518 2724 543 2774 in
561 2721 627 2776 bano
644 2738 785 2792 supremam
802 2725 891 2776 oratio·
925 2740 1022 2788 maur,
1048 2739 1118 2776 mone
1135 2723 1237 2788 Asiae,
1264 2738 1323 2791 pree
1345 2727 1382 2772 cei

299 2793 612 2919 ‘limitelimite‘
623 2793 893 2935 &libini
926 2794 1221 2938 initiiliielii
1244 2809 1312 2917 iit
1329 2790 1383 2915 dl

338 2903 346 2918 ⁰
721 2904 728 2919 ·
764 2904 772 2920 ⁰
1060 2904 1066 2918 ·
1223 2905 1231 2931 r

300 2936 482 3008 inensat3quod
492 2953 538 2991 neo
550 2937 712 3006 gemilium
724 2945 836 3007 aspectu,
844 2956 891 2994 neo
924 2938 958 2991 ad
977 2938 1104 2991 meridiem
1124 2936 1209 3007 Caspii
1228 2939 1323 2998 moria,
1342 2951 1383 2988 nur

301 3005 361 3061 fletu
379 3008 496 3079 dignutus
512 3015 537 3061 et
554 3009 655 3062 ilenlem
666 3018 691 3063 et
702 3017 827 3063 ementem
838 3008 889 3063 fue·
924 3018 1013 3063 reaten
1025 3049 1034 3076 ,
1066 3011 1113 3063 sub
1141 3008 1234 3062 ditione
1262 3009 1384 3062 Per-seruo

299 3079 343 3133 rit.
361 3078 403 3135 ill.
425 3079 489 3132 Deos
505 3080 602 3133 incuset
629 3081 709 3149 ipsos,
735 3083 802 3151 quod
827 3080 892 3136 haee
925 3081 1051 3152 pantheris
1066 3099 1097 3136 ee
1113 3081 1221 3151 tigribus
1239 3081 1337 3134 infesto.

299 3151 402 3220 inpune
418 3151 501 3203 sinant
517 3151 597 3205 abire.
617 3149 662 3207 lV.
677 3152 704 3205 in
719 3152 828 3207 AEueem
845 3155 891 3206 ite·
958 3151 998 3224 (d)
1014 3150 1085 3218 Quee
1101 3152 1192 3224 quibus
1207 3151 1367 3216 anteierem,

300 3239 358 3276 rum
375 3228 403 3274 ut
421 3223 550 3291 ingreium
573 3223 714 3278 invehitur:
742 3240 890 3279 commemo·
925 3233 963 3278 ter
977 3234 1042 3297 quae
1059 3226 1145 3279 omnia
1161 3225 1324 3278 immanitatis
1340 3224 1386 3294 aigi

300 3295 400 3347 renone
418 3290 596 3348 benefieiomm
621 3297 738 3366 quinque.
757 3296 791 3349 V.
810 3295 843 3350 Ut
863 3299 889 3351 iu
926 3313 985 3351 nam
1002 3297 1059 3350 aliia
1076 3294 1171 3366 majora
1188 3293 1298 3350 dicem?

301 3364 464 3431 meudreem,
482 3366 525 3436 qui
536 3365 650 3434 oraculo,
658 3365 809 3435 deorumque
824 3366 893 3438 jerasa
962 3367 1001 3441 (5)
1015 3367 1074 3422 dam
1090 3367 1142 3439 jum
1161 3384 1229 3431 nee,
1250 3371 1298 3420 eto.
1312 3365 1382 3437 >Sed

301 3438 384 3508 fugae
401 3444 550 3508 praetexat:
570 3437 635 3508 qnod
652 3432 759 3502 refutat,
778 3439 892 3509 negando
926 3456 984 3494 rum
1000 3440 1020 3492 ai
1040 3446 1076 3493 erl
1091 3443 1116 3491 in
1145 3455 1186 3490 me
1210 3439 1309 3507 iniquus
1327 3439 1388 3490 AEne

299 3525 387 3562 euram
404 3524 488 3561 rernm
505 3510 648 3561 mortalium
672 3508 720 3561 diis
736 3510 823 3564 inesse.
845 3510 888 3566 vi.
926 3528 958 3565 ue
975 3510 1042 3566 June
1059 3510 1162 3581 quidem
1179 3509 1341 3580 Cmdaeginia
1365 3514 1390 3560 et

299 3580 350 3635 Per
364 3582 552 3647 domationem,
571 3585 649 3651 negat
663 3579 771 3633 serelle
787 3581 890 3635 menda·
925 3583 1027 3653 perinde
1044 3583 1143 3647 lutri13
1168 3598 1202 3634 ne
1225 3580 1324 3650 Jupiter
1346 3581 1389 3652 qui

298 3652 342 3709 eia
358 3653 425 3707 iliius
440 3652 574 3706 refellere:
600 3657 653 3704 lum
669 3650 737 3704 addit
752 3654 890 3708 ooneeario·
923 3653 1026 3708 Saturni
1042 3653 1108 3707 iilius
1134 3659 1160 3706 ei
1175 3651 1281 3707 Juuonia
1300 3652 1391 3724 conjux

300 3740 358 3778 nem
374 3723 542 3791 delusoriam,
567 3728 593 3777 et
618 3723 836 3777 oomminatiouem
853 3724 890 3779 lu·
923 3727 1003 3780 oeulia
1018 3727 1081 3779 baro
1099 3725 1127 3776 iu
1144 3741 1183 3777 me
1200 3726 1233 3779 nb
1250 3727 1292 3777 illo
1315 3743 1392 3779 comm

300 3797 349 3849 turi
367 3796 496 3865 nerniragii
513 3801 736 3869 perpetuarumque
758 3802 892 3866 postmor·
927 3798 982 3852 leee
999 3816 1027 3850 as
1045 3800 1131 3852 iniant.

300 3876 352 3920 tem
370 3870 568 3924 inimicitiarum.
585 3866 634 3923 Ubi
651 3867 810 3934 notandum,
834 3887 891 3923 eam
962 3871 1002 3942 (fi)
1026 3817 1156 3941 Nusquam
1179 3876 1233 3923 tuta
1260 3868 1352 3940 lirim).
1377 3869 1393 3922 il

303 3955 334 3991 ex
353 3943 430 3994 enimi
444 3940 629 4011 perturbatione
641 3937 700 3993 deos
710 3940 783 3995 modo
795 3940 893 4015 iniquos
928 3941 1050 4009 homines,
1061 3943 1103 4013 qui
1120 3959 1176 3995 eam
1194 3947 1288 3995 temere
1306 3940 1394 3993 riolan

301 4009 405 4080 dioere,
432 4015 506 4067 modo
528 4028 611 4069 rerum
628 4011 797 4065 humanarum
813 4015 894 4087 negli·
928 4014 978 4085 pud
996 4013 1064 4082 deos,
1076 4012 1118 4084 qui
1132 4032 1191 4069 eum
1205 4012 1395 4083 imponeriolar

300 4089 389 4150 gentes
408 4086 538 4152 incurrere,
555 4083 632 4138 modo
648 4085 702 4157 pios
718 4084 889 4155 appellare,e
960 4086 1001 4160 (7)
1018 4086 1102 4157 Neque
1117 4085 1183 4140 dicte
1207 4084 1313 4150 rotello,
1341 4084 1395 4141 ete.¹

336 4151 389 4206 ibus
404 4155 494 4224 juetam
511 4156 630 4229 perfidiae
652 4157 773 4210 ultionem
798 4165 889 4228 speret.
925 4163 983 4211 eet:
1002 4155 1111 4211 Oreeula
1128 4158 1228 4230 quidem
1244 4164 1268 4211 ei
1282 4155 1352 4227 jussa
1372 4142 1397 4210 iil

299 4168 358 4276 Nun.
385 4223 498 4297 lienique
523 4229 633 4301 seqnitur
660 4246 693 4284 ex
721 4226 806 4283 furore
833 4230 894 4304 deli·¹
928 4226 986 4283 ton
1003 4236 1078 4285 aunt:
1109 4246 1204 4300 possem
1221 4228 1336 4282 fraudem
1354 4236 1397 4282 tua

231 4360 233 4366 ,
303 4312 400 4364 iimum·
927 4299 1054 4356 retollere:
1075 4302 1117 4354 aed
1134 4320 1181 4356 neo
1196 4299 1300 4362 retello,
1319 4307 1399 4355 aeon

303 4367 552 4509 Egrllilepggnus).
581 4368 677 4486 Auctor
701 4370 891 4445 trojanorum,
928 4378 969 4425 tre
988 4374 1093 4429 retineo.-
1114 4375 1140 4442 1,
1158 4388 1268 4443 sequere
1287 4372 1400 4441 iratum,
