2866 5234
496 340 693 407 nauaturos
716 344 788 406 titt.
808 344 861 406 vt.

223 454 300 514 Itum
320 453 453 516 dammae
473 449 553 511 loris
572 454 602 509 et
622 451 732 511 eonitua
752 451 885 513 imitatur
903 451 1033 532 Olympi.

224 531 370 605 Quattuor
391 530 438 592 iric
458 530 592 593 innectus
611 546 627 590 e
650 531 694 589 uie
714 535 744 591 et
765 530 894 610 lampada
916 537 1077 608 quaeeeoi.

222 608 278 674 Per
298 609 418 690 Graium
439 610 560 690 populos
648 615 748 687 lacque
767 628 820 687 per
840 610 931 673 liiidie
950 617 1051 674 urbem

223 693 289 755 litat
310 710 421 770 onena.
443 689 599 767 diequua
619 688 675 749 eibi
695 687 835 768 poeccbet
854 692 1017 754 bonorem:

143 773 202 833 tao
224 775 367 835 Demens!
388 771 439 849 qui
462 771 576 832 oimbce
596 776 628 830 ct
647 787 704 830 oon
725 769 864 832 imitabile
883 773 993 836 tulmen

227 853 297 917 AEre
317 859 348 914 et
366 853 556 931 cornipedum
576 866 666 912 curru
686 851 835 912 simularat
855 870 1010 931 equorum.

224 937 264 993 bi
285 941 367 1010 pater
388 937 571 1010 omnipoteoe
590 932 677 991 densa
697 932 773 990 inter
791 931 889 995 nubile
909 937 1001 996 tetum
1121 945 1147 1012 '0

223 1013 368 1076 contorsit
387 1014 462 1095 (oen
484 1014 532 1072 iiie
554 1010 653 1080 lecca,
676 1028 727 1071 neo
749 1010 845 1072 inmea
870 1016 962 1074 tacdie
1097 1078 1104 1088 ,

216 1094 371 1171 ,[υιῃῑηι)
394 1095 635 1172 praecipitemque
657 1094 774 1151 immani
796 1095 914 1154 inarbine
934 1095 1043 1174 adegit.

148 1177 207 1238 tait
228 1174 345 1237 Necnon
365 1180 397 1235 et
416 1174 520 1253 Tityon
542 1180 576 1243 ¹,
602 1181 700 1234 terrae
721 1175 927 1249 omniparentie
947 1174 1123 1253 alumnum,
1224 1178 1230 1195 ⁸

228 1253 354 1316 Cernere
374 1261 458 1316 erat:
482 1261 611 1333 pcrtota
634 1271 738 1314 nonem
759 1255 805 1316 oui
822 1253 922 1334 jugera
941 1274 1048 1334 corpue

234 1338 411 1411 Porrigitue;
433 1342 586 1410 rostroque
606 1335 740 1394 immanis
761 1335 861 1397 vultur
880 1338 995 1398 obunco

230 1415 397 1476 immortale
413 1417 497 1496 jecur
518 1415 660 1481 tandem.
684 1412 881 1492 ioocnndaque
903 1422 1002 1493 poenis

230 1498 367 1568 Viscera,
390 1499 570 1570 rimaturque
590 1493 704 1570 epulis,
726 1494 898 1572 habitatque
917 1498 971 1556 eub
991 1497 1051 1559 alto

151 1581 209 1639 600
233 1580 371 1636 Pectore:
393 1595 444 1637 neo
465 1573 545 1636 tibris
566 1575 682 1649 roquiee
700 1575 786 1633 datur
806 1573 864 1636 ulla
886 1576 1001 1636 reontio.

228 1657 305 1731 Quid
326 1672 485 1716 memorem
508 1655 648 1734 Lapithae
668 1658 704 1717 ¹.
730 1655 849 1726 lxiona,
873 1653 1114 1738 i'iritiaoiimquet

170 1767 173 1773 ·
230 1735 311 1808 Quos
331 1751 419 1813 eupcr
439 1737 503 1793 atra
524 1736 594 1795 eilex
611 1732 733 1812 jamjam
755 1738 891 1812 tapsum,
913 1737 1085 1820 cadentique

229 1817 366 1877 imminet
386 1815 531 1874 aecimiiie.
554 1814 667 1873 Luceni
685 1815 842 1891 genialibus
862 1818 928 1876 aitie

227 1900 323 1958 liurea
347 1892 439 1955 iulcra
460 1895 532 1955 torie
552 1900 587 1965 ’a
609 1893 768 1972 epulaeque
788 1902 856 1957 ante
876 1912 929 1958 ora
949 1907 1066 1975 paratae
1187 1892 1190 1899 ’

150 1978 209 2040 oua
231 1972 359 2052 liegiiico
381 1973 469 2034 luxu:
494 1973 645 2036 Furiarum
668 1979 794 2037 maxima
813 1977 896 2059 juxta

476 2101 890 2159 intaminatam

65 2203 186 2255 tonitrum
198 2199 274 2253 coeli.
291 2196 337 2251 llle
354 2204 443 2251 vectae
459 2203 567 2269 quatuor
584 2198 656 2270 equis
673 2203 698 2253 et
717 2201 834 2268 quaticne
851 2201 963 2268 taedam,
973 2202 1093 2258 merebat
1107 2203 1239 2261 emeritana
1254 2220 1304 2278 per

65 2280 157 2344 gente·
174 2270 332 2326 Graecorum
349 2277 375 2323 et
389 2287 436 2340 per
453 2269 561 2324 mediam
578 2272 673 2325 urbem
688 2270 790 2340 Elidis,
808 2279 835 2326 ei
853 2273 973 2346 exigebat
990 2275 1038 2331 eibi
1054 2276 1151 2331 anitum
1168 2276 1302 2331 divinam

62 2345 185 2399 ineanuei
238 2343 247 2395 i
265 2340 411 2395 imitabatur
429 2361 513 2399 carrae
530 2358 610 2398 aereo
628 2351 653 2396 et
671 2344 766 2416 impetu
782 2361 904 2416 equorum
924 2345 1024 2402 nimbce
1049 2356 1076 2401 et
1098 2347 1196 2402 tonitru
1210 2363 1263 2402 noo
1280 2347 1303 2401 i·

15 2453 18 2457 -
63 2415 186 2471 imitabile.
274 2420 346 2487 peter
363 2416 523 2486 omnipoteni
545 2414 654 2469 vibravit
670 2415 769 2473 fulmen
786 2437 831 2490 per
856 2434 937 2490 cpecc
954 2418 1041 2474 nubila
1069 2437 1120 2474 non
1131 2420 1182 2473 -ilie
1199 2419 1303 2497 μὴ

62 2486 130 2543 iacce
146 2495 171 2542 et
190 2487 287 2541 lumina
304 2483 403 2552 lucrida
418 2487 561 2552 taedarum,
581 2496 609 2542 ut
626 2487 810 2562 Salmoneus)
829 2495 856 2541 et
867 2496 936 2544 resto
946 2490 1048 2544 turbine
1063 2495 1218 2563 penetratum
1235 2499 1303 2546 tm·
1336 2508 1338 2513 ·

60 2558 142 2616 afluit.
161 2558 258 2615 Videre
277 2566 333 2613 eret
349 2561 427 2613 etiam
446 2558 551 2630 l'itpum
569 2558 651 2612 illium
670 2558 769 2616 Terrae
785 2561 983 2629 omnipotentia:
1011 2563 1084 2634 cujus
1109 2578 1200 2632 corpere
1216 2567 1304 2617 exin·

61 2632 131 2686 ditur
149 2650 194 2704 per
207 2638 263 2685 tota
278 2647 372 2684 norom
389 2631 500 2702 jugera:
530 2637 556 2684 et
572 2631 690 2684 immonis
709 2632 794 2686 ruitur
811 2631 923 2685 iodieeoe
945 2633 1044 2686 adunco
1060 2641 1142 2686 rcetro
1157 2636 1232 2704 jecur
1248 2650 1304 2704 per·

61 2712 166 2776 petuum
184 2711 211 2756 et
228 2704 326 2755 eiecere
351 2700 477 2758 ioecunda
494 2704 534 2756 od
547 2716 664 2773 poenae,
694 2711 820 2758 scrutator
843 2703 1050 2765 caedebam,
1080 2708 1107 2754 et
1130 2704 1304 2759 monetote·
1378 2712 1385 2722 “

62 2775 216 2848 protundum
233 2780 328 2844 pectus:
346 2790 394 2827 nec
411 2773 466 2828 ulla
482 2775 554 2845 quiee
571 2774 726 2842 permittitur
744 2774 818 2829 fibrie
834 2772 1053 2844 repullulantibus.
1074 2773 1126 2831 Cur
1144 2774 1303 2847 ccmmcbrq·

62 2864 117 2902 rem
136 2847 281 2919 Lapithae,
300 2844 409 2912 lxiona,
427 2853 452 2897 et
469 2842 636 2900 Pirithoimi
652 2862 730 2915 anper
746 2863 807 2916 quoe
824 2846 929 2915 nigrum
945 2862 1033 2898 euxuun
1046 2842 1154 2917 jamjam
1170 2844 1302 2916 lapeueun

61 2927 90 2974 et
106 2919 190 2973 eimile
207 2919 307 2973 cedenti
325 2917 466 2987 impendet.
486 2915 583 2970 Fulcra
599 2934 678 2971 aurea
696 2918 832 2987 splendent
849 2919 877 2971 e'n
896 2917 969 2970 laetie
986 2918 1058 2970 lectis
1075 2917 1154 2984 altio,
1173 2922 1200 2972 et
1217 2919 1305 2974 conei⁴

63 2992 107 3045 vie
121 2997 210 3065 parete
225 2998 286 3044 anie
303 3006 350 3043 ore
366 3007 425 3044 carm
442 2988 505 3041 luxu
524 2988 617 3061 regali:
637 2991 751 3042 maxima
768 2988 908 3043 birriarum
924 2987 1052 3051 accumbit
1069 3006 1170 3062 prope,
1188 2994 1215 3047 et
1231 2996 1300 3051 vetat
1360 3008 1367 3017 ·

61 3137 116 3191 rit.
136 3133 303 3205 Peloponneei
321 3132 449 3186 maritima
467 3138 493 3184 ci
510 3131 662 3188 occidentali
699 3133 757 3187 aliie
775 3133 910 3186 tribuitur.

62 3208 179 3278 regione.
195 3208 241 3259 llic
258 3206 341 3259 eereie
360 3206 388 3258 in
407 3204 525 3276 pontibus
544 3221 575 3258 ac
591 3205 662 3258 tabu·
734 3204 774 3276 (a)
792 3203 912 3275 Lapiiirei
921 3245 931 3272 ,
950 3211 1000 3260 ete.
1015 3204 1034 3275 ).
1053 3203 1092 3258 Da
1111 3205 1242 3277 lapiiu,
1254 3206 1301 3261 ine·

62 3279 120 3331 latis
134 3279 276 3348 quadriges
294 3278 443 3348 impellam,
468 3275 664 3349 iareeJectebat
698 3279 768 3331 mani
786 3276 930 3331 Timolao
948 3285 1047 3345 genic,
1074 3294 1184 3349 quorum
1214 3285 1302 3333 umen

62 3354 89 3403 in
108 3351 235 3403 eubditoe:
257 3356 284 3402 ut
301 3349 392 3404 loreto
403 3350 430 3401 iu
442 3348 518 3404 Elide
528 3347 597 3402 ludio
606 3368 665 3404 me·
698 3352 779 3405 aceiue
795 3350 895 3404 nullum
912 3349 1043 3424 cingulum
1055 3357 1189 3417 mucor,
1201 3348 1298 3421 Georg.

61 3425 132 3475 xime
151 3419 289 3493 Olympicie
306 3421 459 3476 minoratum
484 3421 626 3476 simularet.
642 3423 665 3477 l·
699 3439 725 3474 e.
744 3421 809 3485 dib.
828 3420 866 3476 De
882 3421 998 3489 hacne,
1025 3439 1117 3476 eurum
1146 3438 1230 3494 rege,
1256 3426 1300 3491 qui

60 3493 110 3547 deu
128 3494 223 3587 aiore
238 3493 346 3549 iuimine
362 3494 431 3547 ictui
447 3493 664 3579 ret3diedlieeque
698 3493 732 3548 cb
749 3501 875 3548 tentatam
903 3491 1013 3563 Juncnie
1029 3492 1199 3567 pudicitiam,
1231 3497 1300 3548 raiae

53 3565 665 3711 iiai⁶⁸iinii⁶iioiq‘ipi‘i'iii'ss‘iis
700 3562 1297 3719 iiidniniriiiuioffifiiiriiiiofiiiii‘taij
1392 3604 1419 3713 Ἰ

62 3712 88 3763 5.
110 3707 156 3762 56.
176 3709 215 3763 llo
234 3709 330 3777 aime,
349 3707 450 3777 Gccrg.
474 3729 497 3765 r.
517 3709 530 3762 3
555 3748 561 3761 .
699 3718 744 3762 eut
761 3711 833 3765 Jnrie
849 3728 882 3765 ex
901 3711 948 3764 Dm
965 3710 1062 3764 lxionie
1078 3723 1181 3773 uxore3
1206 3723 1300 3779 queque

98 3780 139 3851 (r)
155 3778 198 3832 Tit
216 3798 269 3845 on,
288 3781 368 3852 etc.)
391 3781 486 3852 Teiyue
498 3821 507 3846 ,
529 3726 593 3835 iove
619 3801 662 3836 na·
699 3781 875 3852 Proserpinam
888 3800 982 3852 rupere
995 3799 1027 3835 ex
1045 3780 1136 3838 totoni·
1151 3794 1306 3851 aggaeum„

57 3856 120 3917 tue‚‘
148 3861 175 3905 et
190 3799 270 3907 itere
297 3852 456 3909 Orchomenii
484 3853 558 3906 iilia:
586 3872 661 3925 quam
700 3853 845 3909 aCcrbero
861 3855 997 3907 devoratae
1012 3859 1070 3918 cet,
1090 3866 1177 3920 cupra,
1196 3851 1304 3930 mini..

57 3941 121 3979 eum
138 3923 240 3996 iupiter
257 3924 388 3990 illiceret,
408 3925 518 3980 ,lunonie
535 3930 604 3978 metu
622 3944 663 3980 oc·
699 3922 787 3990 inira,
807 3942 832 3978 e.
854 3927 919 3995 617.
937 3924 984 3979 iiie
995 3924 1088 3995 duplex
1098 3922 1249 3992 euppiicium
1260 3936 1311 4008 epi

59 3997 168 4050 culterit
185 4001 211 4051 in
229 4004 297 4049 terra
305 4039 316 4066 ,
332 3997 400 4051 unde
417 4014 554 4068 erumpens
571 3996 661 4068 'l'itpue
697 3997 834 4066 eiguatur,
853 3998 932 4052 timor
948 3997 1004 4051 eui
1021 3995 1190 4064 imminentia,
1207 3999 1298 4051 mme-

58 4071 185 4142 gigantea
201 4068 307 4141 specio,
333 4070 432 4123 Terrae
459 4067 527 4124 filinae
548 4070 662 4141 creditne
697 4067 746 4122 dire
763 4072 790 4123 in
805 4069 886 4140 epuiie
902 4068 987 4124 iamee.
1308 4110 1313 4124 .

59 4148 120 4194 ert:
140 4142 197 4194 ideo
215 4160 230 4194 a
248 4138 365 4212 Virgilio
381 4140 500 4196 alumnae
518 4138 591 4211 cjue,
607 4158 661 4195 nou
732 4139 770 4214 (d)
789 4137 941 4196 Gauiaiibue
956 4138 1046 4213 toria)
1065 4136 1159 4205 Quoto·
1174 4137 1235 4194 lecti
1252 4155 1300 4195 nu·

62 4213 130 4266 iiliue
146 4213 251 4268 dicitur.
268 4215 315 4268 llic
333 4213 367 4268 ab
378 4211 496 4284 Apolline
513 4213 615 4281 regitiie
625 4215 662 4266 iu·
697 4214 803 4285 ptiaiee:
820 4214 865 4286 qui
880 4212 1003 4286 pcne'aiee
1013 4229 1030 4264 a
1041 4210 1196 4283 perorando
1206 4208 1299 4267 dicua-

60 4286 185 4341 tericctue
202 4293 238 4340 est
258 4327 266 4354 ,
284 4288 350 4358 quod
370 4288 484 4341 Latonae
505 4285 557 4338 rim
576 4302 660 4356 peru-
697 4292 754 4354 tur,
771 4285 811 4339 vei
830 4285 949 4358 apeme,
967 4286 1034 4337 vitea
1049 4299 1080 4338 ac
1097 4281 1211 4337 lactitiae
1226 4300 1300 4358 paee·

59 4364 107 4412 eet.
125 4359 197 4413 lianc
224 4359 278 4431 ejue
295 4374 440 4413 mensuram
466 4364 493 4414 et
509 4373 540 4411 eu
573 4359 661 4413 licium
695 4357 768 4426 eide,
785 4358 883 4430 dequo
899 4356 953 4411 aar.
975 4358 1003 4421 4.
1025 4353 1070 4412 bd.
1099 4355 1169 4410 unde
1213 4355 1297 4412 entia

59 4430 190 4501 Virgilian
206 4431 303 4504 accepit
318 4432 350 4486 ab
367 4429 491 4499 llomero,
549 4447 600 4504 pre.
618 4448 658 4484 rr.
696 4430 837 4504 appelletur
856 4426 1082 4510 quioqutiteetao
1098 4436 1147 4496 eet,
1158 4374 1295 4501 uticam.

61 4503 126 4573 ⁵7⁶·
145 4501 240 4558 Fadem
258 4506 332 4560 etiem
350 4502 505 4559 Promotbeo
529 4518 611 4572 poena
629 4501 661 4554 eir
700 4521 724 4557 r.
745 4504 805 4559 loa.
825 4501 925 4560 Invitae
937 4499 1051 4576 peruia
1068 4501 1169 4576 lym.
