2866 5234
496 279 693 351 unoculus
714 279 787 344 ΗΒ.
810 282 863 346 li'.

199 374 324 435 emmas
368 380 400 437 ut
421 376 527 438 clausis
547 377 667 458 rapidus
686 375 853 441 fornacibus
873 381 957 460 ignis.

219 455 277 517 llic
295 455 359 534 jam
380 457 536 534 galbaneos
559 473 569 503 ¹
587 458 720 522 sucdebn
740 461 896 525 incendere
916 460 1042 537 odom.
1082 490 1089 499 ·

143 535 200 602 sus
220 536 366 614 biellaquc
386 537 555 599 arundineis
576 537 686 601 inferre
706 540 878 614 canalibus.
901 543 980 603 ultro
1004 587 1009 599 ν
1066 573 1070 580 ·

219 613 420 691 Hortantem,
444 620 476 678 et
494 616 589 681 icssss
608 620 645 682 ad
667 619 771 698 pabula
792 627 859 682 nota
879 627 1045 684 vocantem.
1108 650 1111 655 ·

218 693 353 757 Proderit
373 703 403 758 et
423 703 541 759 tunsum
562 699 657 780 gallae
676 700 840 764 admiscere
857 700 1021 780 saporem,

219 774 403 855 bracatosque
424 795 530 853 rosas,
552 784 605 841 aut
624 779 682 858 igni
704 782 820 858 pinguis
840 783 935 844 multo

145 860 155 873 '
218 853 366 923 Dclruta.
388 858 434 919 sel
456 860 573 937 psytbia
593 876 695 938 passm
715 862 751 921 de
771 864 831 922 vite
853 879 1010 935 racemos,

140 936 200 1004 270
221 931 455 1016 Cecropiumque
476 940 633 1019 thymum,
654 948 685 1002 et
706 941 904 1017 graveolentia
925 947 1091 1008 centaurea.

218 1014 274 1078 Est
292 1019 380 1080 etiam
402 1017 456 1079 llos
478 1021 506 1081 in
527 1025 643 1097 pratis,
663 1023 714 1083 cui
735 1040 839 1084 maren
861 1023 971 1086 amello

218 1094 332 1160 Fecere
352 1100 517 1176 agricolae.
538 1100 629 1163 laeilis
650 1103 857 1178 quaerentibus
877 1103 991 1166 herbas

184 1256 188 1263 π
216 1174 354 1254 Namque
375 1196 434 1240 uon
453 1170 601 1257 ingentem
622 1182 698 1244 tollit
716 1183 754 1243 de
773 1185 883 1262 cespite
902 1183 1034 1253 ritramr

217 1257 337 1319 Aureus
358 1259 443 1337 ipse:
466 1261 519 1321 sed
539 1260 570 1320 in
589 1260 686 1332 loliis,
707 1279 784 1340 quae
804 1265 930 1342 plurima
949 1264 1063 1331 circum

140 1338 199 1408 275
218 1335 408 1410 Funduotur,
430 1341 526 1403 violae
546 1342 682 1403 sublucet
703 1360 832 1420 purpura
853 1347 964 1421 nigrae.

216 1415 311 1496 Saepe
330 1420 420 1480 deum
440 1423 522 1483 nexis
542 1428 665 1484 ornatae
685 1425 838 1503 torquibus
858 1441 939 1486 arae.

215 1500 314 1576 Asper
334 1500 363 1561 ia
384 1518 437 1562 ore
457 1518 567 1579 sapor:
590 1504 684 1564 tonsis
703 1504 733 1565 in
751 1504 877 1565 caltinus
899 1505 981 1566 illurn

219 1577 379 1649 Pastcrcs‚
401 1584 433 1641 ct
451 1599 544 1643 cursa
563 1581 663 1660 legunt
683 1601 774 1662 prope
793 1584 916 1646 llumiuc
934 1584 1041 1650 Mellae
1061 1595 1088 1645 ·.

219 1657 314 1740 liujus
335 1658 457 1725 odorato
478 1659 591 1723 radices
611 1664 733 1742 incoque
755 1662 892 1732 Baccho.

142 1739 203 1805 28⁰
222 1737 392 1819 Pabuiaque
411 1743 441 1803 ln
460 1740 572 1803 loribus
591 1743 685 1821 plenis
706 1760 819 1820 appone
838 1745 985 1807 canistris.

218 1820 277 1881 Sed
298 1823 430 1900 siquem
450 1818 465 1867 ⁸
486 1820 584 1900 proles
605 1824 702 1886 subito
722 1823 862 1886 deiecerit
881 1826 996 1893 omnis.

217 1898 279 1961 Neo
301 1918 393 1978 genus
413 1901 490 1962 unde
512 1918 607 1963 novae
626 1906 726 1982 stirpis
747 1911 924 1976 revocetur,
946 1905 1085 1975 habebit;

218 1981 350 2060 Tempus
371 1985 402 2043 et
421 1982 541 2044 Arcadii
561 1985 753 2047 memoranda
777 1987 893 2048 loreats
914 1987 1046 2062 magistri

218 2058 376 2132 Pandere,
396 2078 513 2141 quoque
533 2063 620 2125 modo
640 2064 811 2205 cassiopam
831 2083 920 2143 saepe
936 2063 1072 2144 juvencis

137 2141 199 2209 285
218 2140 386 2204 insincerus
407 2159 478 2220 spes
497 2142 598 2204 tulerit
618 2161 717 2208 cruor.
768 2147 836 2209 ttius
857 2162 975 2206 omnem

215 2223 400 2304 Expectem,
422 2225 518 2304 prims
538 2229 673 2305 repetens
692 2226 731 2288 ab
751 2227 866 2303 origine
884 2225 1005 2288 tamam.

441 2363 904 2420 INTBRPRETATIO

58 2482 87 2539 s's
97 2480 248 2541 meiius
260 2480 367 2540 clausis.
380 2482 458 2540 aare
468 2484 592 2554 consulo,
605 2491 634 2540 ut
646 2483 764 2555 galbanei
774 2484 866 2540 odoras
879 2491 987 2540 urantur
998 2482 1053 2540 illie
1063 2519 1074 2553 ,
1085 2489 1112 2539 et
1122 2480 1200 2541 mella
1209 2483 1295 2543 uua·

58 2550 152 2611 tuam
170 2571 218 2626 per
228 2571 326 2609 monas
348 2557 503 2610 arundineas
515 2556 580 2611 ultro
592 2558 729 2611 excitando
740 2565 766 2612 et
778 2557 910 2612 invitando
924 2574 990 2628 opes
1006 2555 1139 2629 languidas
1155 2556 1191 2613 ad
1208 2557 1297 2615 cibum

55 2622 219 2685 tumim.
236 2624 343 2684 Iurabit
354 2629 432 2682 ctiam
444 2628 540 2683 addere
551 2628 614 2683 duic
626 2630 705 2683 metti
715 2645 821 2684 succum
832 2629 921 2700 gallae
932 2630 1073 2692 conotus,
1085 2636 1110 2683 et
1121 2645 1191 2685 rosas
1202 2628 1297 2696 siccas,

55 2700 96 2755 val
107 2708 221 2757 mamam
235 2703 316 2755 multo
327 2701 389 2770 igne
400 2701 552 2770 somatum,
567 2699 607 2754 rel
619 2715 706 2771 passas
718 2718 785 2754 uras
797 2710 823 2754 st
835 2703 950 2774 thymum
967 2701 1080 2756 Atticum
1093 2738 1102 2766 ‚
1113 2707 1139 2756 ct
1155 2710 1297 2758 assumes

107 2772 153 2828 ris
165 2771 256 2828 neore.
271 2770 319 2826 Eat
328 2772 406 2826 etiam
418 2772 444 2823 ia
460 2773 542 2842 pratis
552 2769 599 2825 lios
612 2806 621 2838 ‚
633 2772 676 2827 cui
689 2773 821 2844 agricolae
831 2773 923 2827 dedere
935 2788 1028 2827 nomen
1038 2773 1141 2827 amelli:
1155 2773 1244 2844 planta
1254 2780 1298 2831 ast

107 2840 142 2897 lb
153 2852 267 2914 repertu
281 2843 382 2915 Quippe
396 2859 446 2896 uno
458 2861 474 2897 a
486 2845 583 2915 cespite
594 2844 671 2914 erigit
683 2861 805 2914 magnam
817 2847 918 2916 copiam
930 2846 1041 2899 caulium
1055 2863 1062 2900 a
1075 2861 1168 2899 aursus
1178 2845 1233 2917 ipae
1243 2852 1298 2918 ast,

55 2914 108 2971 ssd
115 2926 235 2989 purpura
246 2915 331 2969 riolas
343 2915 495 2986 nigricantis
507 2917 625 2969 sublucet
637 2918 663 2968 in
676 2915 754 2982 loliis,
764 2933 830 2987 quse
839 2916 919 2971 multa
928 2917 956 2969 in
965 2916 1052 2969 orbem
1063 2917 1180 2972 ambiant
1189 2919 1298 2989 jloscw

54 2986 123 3043 a...
140 2986 226 3059 Saepe
237 2986 329 3042 altaris
342 2987 447 3040 deorum
459 2996 581 3042 ornantur
592 2989 723 3059 torquibus
736 2989 833 3045 amelio
848 2987 975 3113 implexis.
988 2987 1071 3057 Sapor
1084 2988 1153 3042 illius
1165 3004 1242 3059 asper
1253 2992 1297 3047 ast

59 3059 164 3129 palatca
178 3068 292 3131 pastum
303 3058 428 3130 coliigunt
439 3076 498 3112 eum
509 3059 537 3110 in
552 3060 629 3130 pratis
640 3059 782 3126 demessis,
795 3065 820 3113 et
831 3058 863 3113 ad
900 3075 997 3112 exuosa
1014 3057 1112 3114 licente
1124 3059 1229 3116 Mellae.
1244 3059 1304 3119 co.-

58 3146 110 3202 μ
120 3131 223 3187 radices
236 3130 305 3185 iltius
317 3131 344 3182 iu
357 3133 419 3184 sino
429 3131 536 3202 optimo,
549 3140 577 3186 et
590 3130 672 3199 plenis
684 3129 793 3185 calathis
803 3131 869 3186 offer
881 3130 975 3203 opibus
988 3130 1014 3183 in
1026 3130 1114 3186 cibum
1124 3147 1132 3186 t
1144 3132 1180 3189 ad
1191 3131 1296 3188 tomas

59 3216 94 3257 ss
103 3206 236 3261 duone.
249 3201 300 3257 Sed
312 3203 333 3254 si
345 3203 436 3275 aliquis
449 3202 564 3259 amiserit
575 3201 659 3256 subito
671 3210 748 3257 totam
761 3211 863 3275 gentem
876 3240 885 3269 ‚
897 3219 945 3256 aec
962 3200 1058 3261 habeat
1074 3202 1142 3259 unm
1159 3211 1295 3276 ceparum

59 3290 143 3347 gamus
155 3292 238 3332 nerse
250 3272 378 3343 ismlliae3
390 3287 452 3330 turre
463 3281 561 3345 tempus
573 3285 614 3331 eat
625 3276 726 3345 aperire
737 3276 867 3331 inventura
879 3273 1044 3331 memorabile
1054 3275 1167 3331 Arcadii
1177 3273 1271 3347 apiarii
1283 3309 1295 3345 ,

59 3354 85 3401 st
97 3344 225 3421 quomodo
235 3346 326 3401 occisis
339 3346 418 3400 bobus
431 3345 504 3420 ,jana
516 3364 591 3420 saepe
608 3349 715 3418 sanguia
733 3348 846 3419 putridus
864 3346 1016 3421 produxerit
1032 3364 1103 3421 apsa.
1117 3347 1240 3403 Narrabo
1256 3342 1301 3403 fs·

57 3432 126 3476 ns·
137 3437 241 3478 ensem
254 3418 331 3492 bajus
341 3415 404 3475 lacti
416 3456 425 3491 ,
439 3429 559 3492 repetens
570 3437 630 3478 coos
640 3417 719 3479 altius
731 3438 748 3475 a
759 3420 845 3494 prima
855 3420 967 3494 origiue.
981 3419 1049 3477 usn
1067 3436 1121 3494 qus
1132 3428 1215 3493 porta
1231 3414 1296 3475 ulta
1330 3474 1333 3479 .

88 3574 132 3638 (r)
147 3573 369 3635 Galbaneoque.)
380 3573 522 3626 Galbanum
536 3572 664 3639 gadaron
696 3578 742 3636 est,
758 3573 831 3626 creua
847 3570 958 3638 Attico,
982 3574 1016 3625 ob
1031 3573 1136 3625 sormam
1145 3549 1176 3623 ‘et
1191 3566 1299 3647 patriam

117 3639 153 3691 rai
168 3656 183 3691 e
199 3642 318 3692 nartbece
335 3639 388 3690 sire
403 3639 503 3697 irruis,
530 3641 555 3688 in
572 3640 662 3706 Syria:
695 3641 733 3692 sic
747 3640 822 3693 dicta.
838 3636 922 3691 Aliter
938 3638 1090 3692 baioariam.
1108 3639 1135 3690 id
1151 3643 1198 3697 eat,
1215 3650 1298 3704 rugus·

59 3653 476 3827 ffitffldtlffltlll
500 3704 667 3822 ssi¹r¹it¹¹ii
699 3701 1299 3823 disistitt⁸titttl⁰lttlt⁸ffltffl³

58 3830 107 3901 quo
124 3836 159 3888 G.
177 3807 666 3906 r.292.uacebiparst,1mr.zrsr'tt0:
731 3840 771 3902 (a)
788 3835 897 3895 Mellae.)
916 3837 985 3896 Vel,
1003 3837 1093 3901 Melae,
1110 3832 1299 3895 docueritis·

78 3920 134 3954 cem
151 3904 178 3955 iu
197 3923 266 3954 assum
285 3912 342 3970 apta
360 3921 419 3971 prae
436 3904 594 3956 ceterisvitia
609 3904 667 3970 Psy·
699 3905 849 3974 Cisalpinae,
864 3916 943 3972 prope
964 3904 1084 3954 Brixiam·
1108 3897 1181 3974 ⁰9⁶²
1205 3912 1300 3955 nom

89 3969 94 3977 '
139 3967 173 4022 tle
190 3988 238 4038 qua
256 3971 289 4021 G.
308 3990 332 4022 a·
351 3968 394 4035 93
412 3970 558 4032 antarum,
575 3986 663 4030 orsam3
698 3971 770 4021 babet
787 3968 890 4020 aurelius
898 3970 963 4034 flos,
980 3968 1050 4034 juxta
1065 3968 1188 4018 Securum.

59 4035 97 4085 sel
113 4042 250 4095 caralensis,
269 4055 318 4096 aer
342 4045 367 4086 et
382 4037 535 4086 centaurium
553 4035 590 4094 ἧς
607 4037 662 4084 ital.
731 4036 769 4100 (3)
786 4035 835 4088 scd
850 4038 869 4085 si
887 4048 969 4098 quem,
985 4037 1046 4097 cle.)
1063 4030 1237 4111 Vll-,HQ
1253 4028 1298 4086 D·

52 4112 218 4164 ‚errassemus
238 4103 377 4168 lrerboqoae
394 4118 484 4152 nonren
511 4102 611 4153 traxisse
629 4102 664 4148 di·
696 4115 854 4166 npcrutrona
870 4115 953 4163 opum,
965 4100 1069 4169 ejusque
1080 4098 1295 4166 repdmtsonssb·

57 4168 125 4217 citarr
142 4185 157 4216 a
174 4168 286 4222 Chirone
303 4171 425 4219 Centauro
438 4189 446 4224 ς
472 4171 528 4234 quio
553 4165 662 4217 adbibita
695 4180 793 4216 censens
809 4169 938 4217 Aristaeo.
955 4165 979 4213 ls
994 4165 1130 4229 apollines
1145 4163 1212 4235 filius
1226 4160 1299 4226 tub.

56 4233 159 4286 vulneri
174 4236 242 4302 quod
261 4235 308 4302 ipsi
334 4234 449 4295 lla-rrulrs
475 4237 576 4300 sagittae
602 4232 662 4280 lece·
694 4250 725 4283 ex
741 4233 840 4305 Cyrene
856 4230 908 4278 salia
925 4230 997 4280 Penei
1015 4229 1142 4295 fluminis,
1159 4230 1198 4282 sel
1213 4231 1298 4297 regist

54 4308 132 4362 rarat,
147 4317 203 4351 curn
221 4302 325 4352 sanavit.
355 4303 506 4364 Cecropium
530 4305 662 4368 styrmes,
696 4297 721 4347 in
739 4298 846 4347 Arcadas
863 4295 952 4347 deinde
968 4312 1081 4367 regnasse
1097 4295 1211 4350 diciturt
1227 4302 1295 4347 cta·

53 4366 112 4435 quis
133 4366 248 4435 frequens
264 4369 290 4417 in
306 4369 425 4434 Hymetto
449 4375 532 4416 annuite
560 4364 658 4415 Atticae
690 4379 796 4438 pomae
813 4361 892 4413 mellis
909 4379 1002 4421 usum,
1026 4365 1143 4439 lactisque
1159 4363 1292 4432 megasium

56 4433 178 4497 svperis,
196 4436 221 4484 in
239 4451 287 4499 qua
306 4452 398 4498 proauus
416 4435 527 4497 regiravit
540 4435 655 4497 Cecrops.
690 4429 823 4495 roverinae,
839 4446 863 4487 v.
877 4429 912 4488 G·
932 4443 955 4483 l·
976 4430 1016 4502 1⁴.

51 4502 168 4561 Anatim
183 4510 316 4555 errausme
334 4510 377 4556 rat.
395 4505 473 4556 Arcer-
490 4502 608 4565 Aerem,
626 4501 652 4550 ad
