<?xml version="1.0" encoding="UTF-8"?>
<!DOCTYPE html PUBLIC "-//W3C//DTD XHTML 1.0 Transitional//EN"
    "http://www.w3.org/TR/xhtml1/DTD/xhtml1-transitional.dtd">
<html xmlns="http://www.w3.org/1999/xhtml" xml:lang="en" lang="en">
 <head>
  <title>
</title>
<meta http-equiv="Content-Type" content="text/html;charset=utf-8" />
  <meta name='ocr-system' content='tesseract 3.04.00' />
  <meta name='ocr-capabilities' content='ocr_page ocr_carea ocr_par ocr_line ocrx_word'/>
</head>
<body>
  <div class='ocr_page' id='page_1' title='image "./pvirgiliimaroni04virggoog/pvirgiliimaroni04virggoog_0506.png"; bbox 0 0 2866 5234; ppageno 0'>
   <div class='ocr_carea' id='block_1_1' title="bbox 491 297 1251 378">
    <p class='ocr_par' dir='ltr' id='par_1_1' title="bbox 491 297 1251 378">
     <span class='ocr_line' id='line_1_1' title="bbox 491 297 1251 378; baseline 0.004 -8"><span class='ocrx_word' id='word_1_1' title='bbox 491 307 687 371; x_wconf 83' lang='lat' dir='ltr'><strong>annnrnos</strong></span> <span class='ocrx_word' id='word_1_2' title='bbox 707 307 770 370; x_wconf 80' lang='lat' dir='ltr'><strong>nin</strong></span> <span class='ocrx_word' id='word_1_3' title='bbox 805 308 854 368; x_wconf 84' lang='lat' dir='ltr'><strong>u.</strong></span> <span class='ocrx_word' id='word_1_4' title='bbox 1192 297 1251 378; x_wconf 76' lang='lat' dir='ltr'><strong>tte</strong></span> 
     </span>
    </p>
   </div>
   <div class='ocr_carea' id='block_1_2' title="bbox 78 401 1208 1379">
    <p class='ocr_par' dir='ltr' id='par_1_2' title="bbox 219 401 1208 650">
     <span class='ocr_line' id='line_1_2' title="bbox 220 401 1169 492; baseline 0 -18"><span class='ocrx_word' id='word_1_5' title='bbox 220 414 397 492; x_wconf 79' lang='lat' dir='ltr'><strong>Terrenlqno</strong></span> <span class='ocrx_word' id='word_1_6' title='bbox 411 412 548 474; x_wconf 84' lang='lat' dir='ltr'><strong>hebetent</strong></span> <span class='ocrx_word' id='word_1_7' title='bbox 560 422 640 474; x_wconf 83' lang='lat' dir='ltr'><strong>artur</strong></span> <span class='ocrx_word' id='word_1_8' title='bbox 655 459 663 482; x_wconf 86' lang='lat'>,</span> <span class='ocrx_word' id='word_1_9' title='bbox 679 413 909 492; x_wconf 84' lang='lat' dir='ltr'><strong>moribundaque</strong></span> <span class='ocrx_word' id='word_1_10' title='bbox 922 415 1062 480; x_wconf 81' lang='lat' dir='ltr'><strong>membre.</strong></span> <span class='ocrx_word' id='word_1_11' title='bbox 1122 401 1127 417; x_wconf 85' lang='lat'>&#39;</span> <span class='ocrx_word' id='word_1_12' title='bbox 1168 457 1169 460; x_wconf 63' lang='lat'>,</span> 
     </span>
     <span class='ocr_line' id='line_1_3' title="bbox 219 492 1208 577; baseline 0.005 -22"><span class='ocrx_word' id='word_1_13' title='bbox 219 492 297 555; x_wconf 82' lang='lat' dir='ltr'><strong>Hine</strong></span> <span class='ocrx_word' id='word_1_14' title='bbox 311 499 462 566; x_wconf 85' lang='lat' dir='ltr'><strong>metuunt,</strong></span> <span class='ocrx_word' id='word_1_15' title='bbox 477 495 652 572; x_wconf 87' lang='lat' dir='ltr'><strong>cupiuntque</strong></span> <span class='ocrx_word' id='word_1_16' title='bbox 666 499 690 566; x_wconf 84' lang='lat'><strong>¹,</strong></span> <span class='ocrx_word' id='word_1_17' title='bbox 705 492 804 553; x_wconf 87' lang='lat' dir='ltr'><strong>dolent</strong></span> <span class='ocrx_word' id='word_1_18' title='bbox 815 496 1005 573; x_wconf 70' lang='lat' dir='ltr'><strong>gaudentque:</strong></span> <span class='ocrx_word' id='word_1_19' title='bbox 1020 512 1112 577; x_wconf 89' lang='lat' dir='ltr'><strong>nequo</strong></span> <span class='ocrx_word' id='word_1_20' title='bbox 1126 514 1208 560; x_wconf 86' lang='lat' dir='ltr'><strong>anrrr</strong></span> 
     </span>
     <span class='ocr_line' id='line_1_4' title="bbox 222 572 1066 650; baseline 0.004 -18"><span class='ocrx_word' id='word_1_21' title='bbox 222 572 409 650; x_wconf 83' lang='lat' dir='ltr'><strong>Respieiunt,</strong></span> <span class='ocrx_word' id='word_1_22' title='bbox 423 574 537 640; x_wconf 79' lang='lat' dir='ltr'><strong>elaeone</strong></span> <span class='ocrx_word' id='word_1_23' title='bbox 551 573 677 633; x_wconf 87' lang='lat' dir='ltr'><strong>tenebris</strong></span> <span class='ocrx_word' id='word_1_24' title='bbox 690 577 722 632; x_wconf 88' lang='lat' dir='ltr'><strong>et</strong></span> <span class='ocrx_word' id='word_1_25' title='bbox 732 587 849 635; x_wconf 78' lang='lat' dir='ltr'><strong>carcere</strong></span> <span class='ocrx_word' id='word_1_26' title='bbox 863 591 955 637; x_wconf 88' lang='lat' dir='ltr'><strong>eeeeo.</strong></span> <span class='ocrx_word' id='word_1_27' title='bbox 1064 614 1066 619; x_wconf 68' lang='lat'>,</span> 
     </span>
    </p>

    <p class='ocr_par' dir='ltr' id='par_1_3' title="bbox 78 649 1134 1056">
     <span class='ocr_line' id='line_1_5' title="bbox 78 649 916 732; baseline 0.002 -21"><span class='ocrx_word' id='word_1_28' title='bbox 78 714 82 720; x_wconf 76' lang='grc'><em>,</em></span> <span class='ocrx_word' id='word_1_29' title='bbox 139 649 199 713; x_wconf 80' lang='lat'><strong>’135</strong></span> <span class='ocrx_word' id='word_1_30' title='bbox 219 652 296 725; x_wconf 87' lang='lat' dir='ltr'><strong>Quin</strong></span> <span class='ocrx_word' id='word_1_31' title='bbox 310 661 339 714; x_wconf 89' lang='lat' dir='ltr'><strong>et</strong></span> <span class='ocrx_word' id='word_1_32' title='bbox 351 671 488 732; x_wconf 85' lang='lat' dir='ltr'><strong>supremo</strong></span> <span class='ocrx_word' id='word_1_33' title='bbox 501 668 568 713; x_wconf 88' lang='lat' dir='ltr'><strong>oum</strong></span> <span class='ocrx_word' id='word_1_34' title='bbox 579 652 692 713; x_wconf 89' lang='lat' dir='ltr'><strong>lumino</strong></span> <span class='ocrx_word' id='word_1_35' title='bbox 705 653 763 715; x_wconf 84' lang='lat' dir='ltr'><strong>vitu</strong></span> <span class='ocrx_word' id='word_1_36' title='bbox 778 656 896 732; x_wconf 90' lang='lat' dir='ltr'><strong>reliquit</strong></span> <span class='ocrx_word' id='word_1_37' title='bbox 908 677 916 727; x_wconf 71' lang='grc' dir='ltr'>ς</span> 
     </span>
     <span class='ocr_line' id='line_1_6' title="bbox 219 732 1134 805; baseline 0.008 -13"><span class='ocrx_word' id='word_1_38' title='bbox 219 732 282 793; x_wconf 89' lang='lat' dir='ltr'><strong>Non</strong></span> <span class='ocrx_word' id='word_1_39' title='bbox 296 739 394 795; x_wconf 81' lang='lat' dir='ltr'><strong>tamen</strong></span> <span class='ocrx_word' id='word_1_40' title='bbox 407 751 490 795; x_wconf 86' lang='lat' dir='ltr'><strong>omne</strong></span> <span class='ocrx_word' id='word_1_41' title='bbox 503 733 612 795; x_wconf 83' lang='lat' dir='ltr'><strong>mulum</strong></span> <span class='ocrx_word' id='word_1_42' title='bbox 625 734 756 805; x_wconf 85' lang='lat' dir='ltr'><strong>miseris,</strong></span> <span class='ocrx_word' id='word_1_43' title='bbox 771 753 824 795; x_wconf 87' lang='lat' dir='ltr'><strong>nee</strong></span> <span class='ocrx_word' id='word_1_44' title='bbox 835 733 966 796; x_wconf 84' lang='lat' dir='ltr'><strong>funditur</strong></span> <span class='ocrx_word' id='word_1_45' title='bbox 979 754 1079 801; x_wconf 80' lang='lat' dir='ltr'><strong>omues</strong></span> <span class='ocrx_word' id='word_1_46' title='bbox 1130 736 1134 750; x_wconf 93' lang='lat'>&#39;</span> 
     </span>
     <span class='ocr_line' id='line_1_7' title="bbox 218 812 1020 896; baseline 0.007 -22"><span class='ocrx_word' id='word_1_47' title='bbox 218 812 378 891; x_wconf 85' lang='lat' dir='ltr'><strong>Corporere</strong></span> <span class='ocrx_word' id='word_1_48' title='bbox 391 817 530 876; x_wconf 81' lang='lat' dir='ltr'><strong>excedunt</strong></span> <span class='ocrx_word' id='word_1_49' title='bbox 540 818 631 893; x_wconf 86' lang='lat' dir='ltr'><strong>pestes</strong></span> <span class='ocrx_word' id='word_1_50' title='bbox 644 835 652 884; x_wconf 76' lang='lat' dir='ltr'><strong>t</strong></span> <span class='ocrx_word' id='word_1_51' title='bbox 667 817 832 896; x_wconf 77' lang='lat' dir='ltr'><strong>penitusque</strong></span> <span class='ocrx_word' id='word_1_52' title='bbox 846 833 963 877; x_wconf 76' lang='lat' dir='ltr'><strong>necessu</strong></span> <span class='ocrx_word' id='word_1_53' title='bbox 975 823 1020 881; x_wconf 82' lang='lat' dir='ltr'><strong>ent</strong></span> 
     </span>
     <span class='ocr_line' id='line_1_8' title="bbox 215 894 908 958; baseline 0.009 -8"><span class='ocrx_word' id='word_1_54' title='bbox 215 894 304 957; x_wconf 88' lang='lat' dir='ltr'><strong>llultu</strong></span> <span class='ocrx_word' id='word_1_55' title='bbox 319 896 368 955; x_wconf 92' lang='lat' dir='ltr'><strong>diu</strong></span> <span class='ocrx_word' id='word_1_56' title='bbox 383 894 515 956; x_wconf 82' lang='lat' dir='ltr'><strong>eone&#39;retu</strong></span> <span class='ocrx_word' id='word_1_57' title='bbox 526 895 619 956; x_wconf 87' lang='lat' dir='ltr'><strong>modis</strong></span> <span class='ocrx_word' id='word_1_58' title='bbox 632 895 789 958; x_wconf 82' lang='lat' dir='ltr'><strong>inolescere</strong></span> <span class='ocrx_word' id='word_1_59' title='bbox 801 902 815 932; x_wconf 83' lang='lat'>⁸</span> <span class='ocrx_word' id='word_1_60' title='bbox 828 897 908 956; x_wconf 88' lang='lat' dir='ltr'><strong>miris</strong></span> 
     </span>
     <span class='ocr_line' id='line_1_9' title="bbox 222 972 1008 1056; baseline 0.013 -25"><span class='ocrx_word' id='word_1_61' title='bbox 222 972 299 1055; x_wconf 76' lang='lat' dir='ltr'><strong>Ergo</strong></span> <span class='ocrx_word' id='word_1_62' title='bbox 313 972 488 1036; x_wconf 81' lang='lat' dir='ltr'><strong>exercentur</strong></span> <span class='ocrx_word' id='word_1_63' title='bbox 502 975 600 1054; x_wconf 86' lang='lat' dir='ltr'><strong>poenis</strong></span> <span class='ocrx_word' id='word_1_64' title='bbox 613 981 644 1044; x_wconf 83' lang='lat'><strong>⁸,</strong></span> <span class='ocrx_word' id='word_1_65' title='bbox 661 980 851 1056; x_wconf 83' lang='lat' dir='ltr'><strong>veterumque</strong></span> <span class='ocrx_word' id='word_1_66' title='bbox 865 976 1008 1048; x_wconf 81' lang='lat' dir='ltr'><strong>melorum</strong></span> 
     </span>
    </p>

    <p class='ocr_par' dir='ltr' id='par_1_4' title="bbox 143 1049 945 1140">
     <span class='ocr_line' id='line_1_10' title="bbox 143 1049 945 1140; baseline 0.016 -32"><span class='ocrx_word' id='word_1_67' title='bbox 143 1049 203 1113; x_wconf 76' lang='lat' dir='ltr'><strong>&#39;lid</strong></span> <span class='ocrx_word' id='word_1_68' title='bbox 223 1054 370 1140; x_wconf 75' lang='lat' dir='ltr'>Supplicia</span> <span class='ocrx_word' id='word_1_69' title='bbox 384 1056 557 1137; x_wconf 87' lang='lat' dir='ltr'><strong>expendunt.</strong></span> <span class='ocrx_word' id='word_1_70' title='bbox 574 1054 656 1116; x_wconf 79' lang='lat' dir='ltr'><strong>Aliae</strong></span> <span class='ocrx_word' id='word_1_71' title='bbox 669 1057 834 1137; x_wconf 81' lang='lat' dir='ltr'><strong>penduntur</strong></span> <span class='ocrx_word' id='word_1_72' title='bbox 848 1058 945 1122; x_wconf 82' lang='lat' dir='ltr'><strong>iernen</strong></span> 
     </span>
    </p>

    <p class='ocr_par' dir='ltr' id='par_1_5' title="bbox 221 1134 1058 1379">
     <span class='ocr_line' id='line_1_11' title="bbox 224 1134 928 1214; baseline 0.007 -20"><span class='ocrx_word' id='word_1_73' title='bbox 224 1135 384 1214; x_wconf 75' lang='lat' dir='ltr'><strong>Suspensae</strong></span> <span class='ocrx_word' id='word_1_74' title='bbox 398 1138 432 1196; x_wconf 88' lang='lat' dir='ltr'><strong>ud</strong></span> <span class='ocrx_word' id='word_1_75' title='bbox 446 1141 565 1197; x_wconf 84' lang='lat' dir='ltr'><strong>ventos:</strong></span> <span class='ocrx_word' id='word_1_76' title='bbox 581 1134 642 1196; x_wconf 83' lang='lat' dir='ltr'><strong>eliis</strong></span> <span class='ocrx_word' id='word_1_77' title='bbox 654 1137 707 1197; x_wconf 87' lang='lat' dir='ltr'><strong>sub</strong></span> <span class='ocrx_word' id='word_1_78' title='bbox 721 1139 832 1214; x_wconf 77' lang='lat' dir='ltr'><strong>gurgite</strong></span> <span class='ocrx_word' id='word_1_79' title='bbox 847 1142 928 1199; x_wconf 82' lang='lat' dir='ltr'><strong>vasto</strong></span> 
     </span>
     <span class='ocr_line' id='line_1_12' title="bbox 223 1213 901 1296; baseline 0.006 -21"><span class='ocrx_word' id='word_1_80' title='bbox 223 1213 363 1283; x_wconf 83' lang='lat' dir='ltr'><strong>iniectum</strong></span> <span class='ocrx_word' id='word_1_81' title='bbox 376 1214 483 1282; x_wconf 80' lang='lat' dir='ltr'><strong>eluitur</strong></span> <span class='ocrx_word' id='word_1_82' title='bbox 496 1216 590 1278; x_wconf 82' lang='lat' dir='ltr'><strong>scelus</strong></span> <span class='ocrx_word' id='word_1_83' title='bbox 603 1259 611 1285; x_wconf 89' lang='lat'>,</span> <span class='ocrx_word' id='word_1_84' title='bbox 625 1222 676 1278; x_wconf 85' lang='lat' dir='ltr'><strong>aut</strong></span> <span class='ocrx_word' id='word_1_85' title='bbox 688 1221 819 1284; x_wconf 78' lang='lat' dir='ltr'><strong>exuritur</strong></span> <span class='ocrx_word' id='word_1_86' title='bbox 832 1218 901 1296; x_wconf 81' lang='lat' dir='ltr'><strong>igni.</strong></span> 
     </span>
     <span class='ocr_line' id='line_1_13' title="bbox 221 1293 1058 1379; baseline 0.006 -24"><span class='ocrx_word' id='word_1_87' title='bbox 221 1293 351 1378; x_wconf 80' lang='lat' dir='ltr'><strong>Quisque</strong></span> <span class='ocrx_word' id='word_1_88' title='bbox 364 1313 432 1359; x_wconf 82' lang='lat' dir='ltr'><strong>rues</strong></span> <span class='ocrx_word' id='word_1_89' title='bbox 445 1300 571 1376; x_wconf 85' lang='lat' dir='ltr'><strong>petimur</strong></span> <span class='ocrx_word' id='word_1_90' title='bbox 584 1313 684 1364; x_wconf 83' lang='lat' dir='ltr'><strong>menes</strong></span> <span class='ocrx_word' id='word_1_91' title='bbox 698 1298 724 1354; x_wconf 75' lang='lat'><strong>⁴.</strong></span> <span class='ocrx_word' id='word_1_92' title='bbox 740 1295 852 1364; x_wconf 78' lang='lat' dir='ltr'><strong>Exinde</strong></span> <span class='ocrx_word' id='word_1_93' title='bbox 865 1314 916 1378; x_wconf 89' lang='lat' dir='ltr'><strong>por</strong></span> <span class='ocrx_word' id='word_1_94' title='bbox 929 1299 1058 1379; x_wconf 86' lang='lat' dir='ltr'><strong>amplum</strong></span> 
     </span>
    </p>
   </div>
   <div class='ocr_carea' id='block_1_3' title="bbox 468 1421 885 1491">
    <p class='ocr_par' dir='ltr' id='par_1_6' title="bbox 468 1421 885 1491">
     <span class='ocr_line' id='line_1_14' title="bbox 468 1421 885 1491; baseline 0 -11"><span class='ocrx_word' id='word_1_95' title='bbox 468 1421 885 1491; x_wconf 74' lang='lat' dir='ltr'><strong>rnrunnnutdrlo</strong></span> 
     </span>
    </p>
   </div>
   <div class='ocr_carea' id='block_1_4' title="bbox 60 1540 1292 1834">
    <p class='ocr_par' dir='ltr' id='par_1_7' title="bbox 60 1540 1292 1834">
     <span class='ocr_line' id='line_1_15' title="bbox 63 1540 1291 1611; baseline 0.001 -12"><span class='ocrx_word' id='word_1_96' title='bbox 63 1540 202 1599; x_wconf 76' lang='lat' dir='ltr'><strong>retrudunt</strong></span> <span class='ocrx_word' id='word_1_97' title='bbox 216 1543 268 1598; x_wconf 65' lang='lat' dir='ltr'><strong>mm</strong></span> <span class='ocrx_word' id='word_1_98' title='bbox 284 1544 369 1604; x_wconf 75' lang='lat' dir='ltr'><strong>ittam</strong></span> <span class='ocrx_word' id='word_1_99' title='bbox 389 1546 458 1600; x_wconf 86' lang='lat' dir='ltr'><strong>Hine</strong></span> <span class='ocrx_word' id='word_1_100' title='bbox 474 1548 578 1601; x_wconf 80' lang='lat' dir='ltr'><strong>animno</strong></span> <span class='ocrx_word' id='word_1_101' title='bbox 601 1544 690 1598; x_wconf 84' lang='lat' dir='ltr'><strong>timent</strong></span> <span class='ocrx_word' id='word_1_102' title='bbox 717 1551 742 1598; x_wconf 88' lang='lat' dir='ltr'><strong>et</strong></span> <span class='ocrx_word' id='word_1_103' title='bbox 759 1543 928 1611; x_wconf 74' lang='lat' dir='ltr'><strong>deriderunt,</strong></span> <span class='ocrx_word' id='word_1_104' title='bbox 945 1549 1082 1611; x_wconf 81' lang='lat' dir='ltr'><strong>moerent,</strong></span> <span class='ocrx_word' id='word_1_105' title='bbox 1100 1549 1127 1601; x_wconf 81' lang='lat' dir='ltr'><strong>ot</strong></span> <span class='ocrx_word' id='word_1_106' title='bbox 1144 1543 1291 1602; x_wconf 69' lang='lat' dir='ltr'><strong>ineunturr</strong></span> 
     </span>
     <span class='ocr_line' id='line_1_16' title="bbox 61 1614 1292 1690; baseline 0.006 -25"><span class='ocrx_word' id='word_1_107' title='bbox 61 1629 111 1665; x_wconf 88' lang='lat' dir='ltr'><strong>nee</strong></span> <span class='ocrx_word' id='word_1_108' title='bbox 126 1614 268 1684; x_wconf 76' lang='lat' dir='ltr'><strong>suspiciunt</strong></span> <span class='ocrx_word' id='word_1_109' title='bbox 283 1617 381 1672; x_wconf 88' lang='lat' dir='ltr'><strong>eoelum</strong></span> <span class='ocrx_word' id='word_1_110' title='bbox 394 1656 404 1682; x_wconf 90' lang='lat'><strong><em>,</em></strong></span> <span class='ocrx_word' id='word_1_111' title='bbox 421 1619 538 1671; x_wconf 84' lang='lat' dir='ltr'><strong>inclusae</strong></span> <span class='ocrx_word' id='word_1_112' title='bbox 554 1618 583 1672; x_wconf 84' lang='lat' dir='ltr'><strong>r&#39;n</strong></span> <span class='ocrx_word' id='word_1_113' title='bbox 600 1614 712 1670; x_wconf 81' lang='lat' dir='ltr'><strong>tenebris</strong></span> <span class='ocrx_word' id='word_1_114' title='bbox 728 1621 755 1668; x_wconf 89' lang='lat' dir='ltr'><strong>et</strong></span> <span class='ocrx_word' id='word_1_115' title='bbox 771 1614 882 1670; x_wconf 84' lang='lat' dir='ltr'><strong>obscuro</strong></span> <span class='ocrx_word' id='word_1_116' title='bbox 898 1632 1013 1670; x_wconf 80' lang='lat' dir='ltr'><strong>eernere.</strong></span> <span class='ocrx_word' id='word_1_117' title='bbox 1031 1615 1168 1674; x_wconf 68' lang='lat' dir='ltr'><strong>Praeterea</strong></span> <span class='ocrx_word' id='word_1_118' title='bbox 1189 1619 1292 1690; x_wconf 70' lang='lat' dir='ltr'><strong>quando</strong></span> 
     </span>
     <span class='ocr_line' id='line_1_17' title="bbox 61 1685 1291 1760; baseline 0.007 -24"><span class='ocrx_word' id='word_1_119' title='bbox 61 1685 151 1738; x_wconf 88' lang='lat' dir='ltr'><strong>ultima</strong></span> <span class='ocrx_word' id='word_1_120' title='bbox 167 1686 225 1740; x_wconf 86' lang='lat' dir='ltr'><strong>lune</strong></span> <span class='ocrx_word' id='word_1_121' title='bbox 241 1687 293 1744; x_wconf 73' lang='lat' dir='ltr'><strong>rim</strong></span> <span class='ocrx_word' id='word_1_122' title='bbox 311 1691 435 1743; x_wconf 76' lang='lat' dir='ltr'><strong>recessit:</strong></span> <span class='ocrx_word' id='word_1_123' title='bbox 455 1705 508 1742; x_wconf 91' lang='lat' dir='ltr'><strong>non</strong></span> <span class='ocrx_word' id='word_1_124' title='bbox 526 1695 613 1746; x_wconf 84' lang='lat' dir='ltr'><strong>tamen</strong></span> <span class='ocrx_word' id='word_1_125' title='bbox 630 1704 704 1745; x_wconf 80' lang='lat' dir='ltr'><strong>omne</strong></span> <span class='ocrx_word' id='word_1_126' title='bbox 723 1687 841 1755; x_wconf 77' lang='lat' dir='ltr'><strong>mulum,</strong></span> <span class='ocrx_word' id='word_1_127' title='bbox 858 1704 908 1742; x_wconf 87' lang='lat' dir='ltr'><strong>nee</strong></span> <span class='ocrx_word' id='word_1_128' title='bbox 932 1703 1023 1742; x_wconf 85' lang='lat' dir='ltr'><strong>omnes</strong></span> <span class='ocrx_word' id='word_1_129' title='bbox 1039 1704 1179 1760; x_wconf 74' lang='lat' dir='ltr'><strong>perperene</strong></span> <span class='ocrx_word' id='word_1_130' title='bbox 1204 1691 1291 1745; x_wconf 85' lang='lat' dir='ltr'><strong>sordes</strong></span> 
     </span>
     <span class='ocr_line' id='line_1_18' title="bbox 60 1757 1292 1834; baseline 0.008 -28"><span class='ocrx_word' id='word_1_131' title='bbox 60 1757 166 1809; x_wconf 86' lang='lat' dir='ltr'><strong>omnino</strong></span> <span class='ocrx_word' id='word_1_132' title='bbox 183 1757 307 1818; x_wconf 82' lang='lat' dir='ltr'><strong>recedunt</strong></span> <span class='ocrx_word' id='word_1_133' title='bbox 321 1778 340 1815; x_wconf 85' lang='lat' dir='ltr'><em>a</em></span> <span class='ocrx_word' id='word_1_134' title='bbox 355 1758 476 1824; x_wconf 86' lang='lat' dir='ltr'><strong>miseris;</strong></span> <span class='ocrx_word' id='word_1_135' title='bbox 495 1765 523 1811; x_wconf 88' lang='lat' dir='ltr'><strong>et</strong></span> <span class='ocrx_word' id='word_1_136' title='bbox 539 1760 614 1830; x_wconf 86' lang='lat' dir='ltr'><strong>plane</strong></span> <span class='ocrx_word' id='word_1_137' title='bbox 632 1775 733 1813; x_wconf 67' lang='lat' dir='ltr'><strong>ueneno</strong></span> <span class='ocrx_word' id='word_1_138' title='bbox 760 1766 801 1814; x_wconf 85' lang='lat' dir='ltr'><strong>est</strong></span> <span class='ocrx_word' id='word_1_139' title='bbox 816 1769 852 1824; x_wconf 74' lang='lat' dir='ltr'><strong>rrt¹</strong></span> <span class='ocrx_word' id='word_1_140' title='bbox 864 1758 1024 1813; x_wconf 78' lang='lat' dir='ltr'><strong>mulla-vitiu</strong></span> <span class='ocrx_word' id='word_1_141' title='bbox 1051 1759 1096 1818; x_wconf 86' lang='lat' dir='ltr'><strong>diu</strong></span> <span class='ocrx_word' id='word_1_142' title='bbox 1113 1759 1292 1834; x_wconf 78' lang='lat' dir='ltr'><strong>oonglutinala</strong></span> 
     </span>
    </p>
   </div>
   <div class='ocr_carea' id='block_1_5' title="bbox 60 1825 1379 1904">
    <p class='ocr_par' dir='ltr' id='par_1_8' title="bbox 60 1825 1379 1904">
     <span class='ocr_line' id='line_1_19' title="bbox 60 1825 1379 1904; baseline 0.002 -24"><span class='ocrx_word' id='word_1_143' title='bbox 60 1825 97 1880; x_wconf 77' lang='lat' dir='ltr'><strong>r&#39;rr</strong></span> <span class='ocrx_word' id='word_1_144' title='bbox 112 1832 200 1885; x_wconf 78' lang='lat' dir='ltr'><strong>adbuc</strong></span> <span class='ocrx_word' id='word_1_145' title='bbox 217 1829 401 1884; x_wconf 85' lang='lat' dir='ltr'><strong>adbaereseaut</strong></span> <span class='ocrx_word' id='word_1_146' title='bbox 417 1829 560 1884; x_wconf 70' lang='lat' dir='ltr'><strong>admirabili</strong></span> <span class='ocrx_word' id='word_1_147' title='bbox 578 1832 684 1886; x_wconf 86' lang='lat' dir='ltr'><strong>ratione.</strong></span> <span class='ocrx_word' id='word_1_148' title='bbox 704 1827 763 1885; x_wconf 83' lang='lat' dir='ltr'><strong>ideo</strong></span> <span class='ocrx_word' id='word_1_149' title='bbox 780 1831 925 1887; x_wconf 85' lang='lat' dir='ltr'><strong>nmeianrm</strong></span> <span class='ocrx_word' id='word_1_150' title='bbox 994 1833 1078 1899; x_wconf 64' lang='lat' dir='ltr'><strong>uiuet</strong></span> <span class='ocrx_word' id='word_1_151' title='bbox 1096 1833 1290 1904; x_wconf 86' lang='lat' dir='ltr'><strong>praeteritarum</strong></span> <span class='ocrx_word' id='word_1_152' title='bbox 1376 1878 1379 1883; x_wconf 92' lang='lat'>.</span> 
     </span>
    </p>
   </div>
   <div class='ocr_carea' id='block_1_6' title="bbox 60 1901 1292 2043">
    <p class='ocr_par' dir='ltr' id='par_1_9' title="bbox 60 1901 1292 2043">
     <span class='ocr_line' id='line_1_20' title="bbox 61 1901 1288 1975; baseline 0.007 -25"><span class='ocrx_word' id='word_1_153' title='bbox 61 1915 188 1953; x_wconf 80' lang='lat' dir='ltr'><strong>noxarum</strong></span> <span class='ocrx_word' id='word_1_154' title='bbox 207 1903 354 1971; x_wconf 83' lang='lat' dir='ltr'><strong>persolvunt</strong></span> <span class='ocrx_word' id='word_1_155' title='bbox 369 1903 502 1974; x_wconf 79' lang='lat' dir='ltr'><strong>supplioio.</strong></span> <span class='ocrx_word' id='word_1_156' title='bbox 525 1901 601 1958; x_wconf 81' lang='lat' dir='ltr'><strong>Aliae</strong></span> <span class='ocrx_word' id='word_1_157' title='bbox 617 1919 754 1973; x_wconf 87' lang='lat' dir='ltr'><strong>suspensae</strong></span> <span class='ocrx_word' id='word_1_158' title='bbox 770 1912 930 1975; x_wconf 85' lang='lat' dir='ltr'><strong>exponuntur</strong></span> <span class='ocrx_word' id='word_1_159' title='bbox 957 1906 1044 1959; x_wconf 78' lang='lat' dir='ltr'><strong>eribus</strong></span> <span class='ocrx_word' id='word_1_160' title='bbox 1062 1907 1153 1967; x_wconf 81' lang='lat' dir='ltr'><strong>neptis:</strong></span> <span class='ocrx_word' id='word_1_161' title='bbox 1173 1903 1229 1958; x_wconf 73' lang='lat' dir='ltr'><strong>aliis</strong></span> <span class='ocrx_word' id='word_1_162' title='bbox 1240 1903 1288 1959; x_wconf 88' lang='lat' dir='ltr'><strong>eri·</strong></span> 
     </span>
     <span class='ocr_line' id='line_1_21' title="bbox 60 1973 1292 2043; baseline 0.007 -21"><span class='ocrx_word' id='word_1_163' title='bbox 60 1987 122 2023; x_wconf 88' lang='lat' dir='ltr'><strong>rnen</strong></span> <span class='ocrx_word' id='word_1_164' title='bbox 134 2011 144 2038; x_wconf 90' lang='lat'><strong><em>,</em></strong></span> <span class='ocrx_word' id='word_1_165' title='bbox 161 1990 212 2043; x_wconf 76' lang='lat' dir='ltr'><strong>pree</strong></span> <span class='ocrx_word' id='word_1_166' title='bbox 228 1984 289 2029; x_wconf 80' lang='lat' dir='ltr'><strong>rrnrt</strong></span> <span class='ocrx_word' id='word_1_167' title='bbox 306 1973 436 2041; x_wconf 77' lang='lat' dir='ltr'><strong>iniretur,</strong></span> <span class='ocrx_word' id='word_1_168' title='bbox 455 1974 555 2027; x_wconf 85' lang='lat' dir='ltr'><strong>lavatur</strong></span> <span class='ocrx_word' id='word_1_169' title='bbox 579 1979 630 2035; x_wconf 75' lang='lat' dir='ltr'><strong>rub</strong></span> <span class='ocrx_word' id='word_1_170' title='bbox 646 1976 773 2029; x_wconf 81' lang='lat' dir='ltr'><strong>immenso</strong></span> <span class='ocrx_word' id='word_1_171' title='bbox 794 1977 871 2043; x_wconf 75' lang='lat' dir='ltr'><strong>neu,</strong></span> <span class='ocrx_word' id='word_1_172' title='bbox 890 1985 935 2030; x_wconf 87' lang='lat' dir='ltr'><strong>aut</strong></span> <span class='ocrx_word' id='word_1_173' title='bbox 953 1975 1091 2035; x_wconf 70' lang='lat' dir='ltr'><strong>absumitur</strong></span> <span class='ocrx_word' id='word_1_174' title='bbox 1117 1975 1236 2031; x_wconf 84' lang='lat' dir='ltr'><strong>flammis.</strong></span> <span class='ocrx_word' id='word_1_175' title='bbox 1259 1976 1292 2036; x_wconf 78' lang='lat' dir='ltr'><strong>[t.</strong></span> 
     </span>
    </p>
   </div>
   <div class='ocr_carea' id='block_1_7' title="bbox 61 2043 1405 2143">
    <p class='ocr_par' dir='ltr' id='par_1_10' title="bbox 61 2043 1405 2143">
     <span class='ocr_line' id='line_1_22' title="bbox 61 2043 1405 2143; baseline 0.002 -45"><span class='ocrx_word' id='word_1_176' title='bbox 61 2059 136 2098; x_wconf 73' lang='lat' dir='ltr'><strong>mnes</strong></span> <span class='ocrx_word' id='word_1_177' title='bbox 152 2043 286 2114; x_wconf 87' lang='lat' dir='ltr'><strong>patimur,</strong></span> <span class='ocrx_word' id='word_1_178' title='bbox 303 2046 472 2118; x_wconf 78' lang='lat' dir='ltr'><strong>uniusquisque</strong></span> <span class='ocrx_word' id='word_1_179' title='bbox 489 2063 547 2104; x_wconf 83' lang='lat' dir='ltr'><strong>sues</strong></span> <span class='ocrx_word' id='word_1_180' title='bbox 562 2047 669 2106; x_wconf 80' lang='lat' dir='ltr'><strong>ultores.</strong></span> <span class='ocrx_word' id='word_1_181' title='bbox 688 2046 788 2143; x_wconf 72' lang='lat' dir='ltr'><strong>Deinde</strong></span> <span class='ocrx_word' id='word_1_182' title='bbox 802 2047 946 2116; x_wconf 74' lang='lat' dir='ltr'><strong>inducimur</strong></span> <span class='ocrx_word' id='word_1_183' title='bbox 963 2048 991 2111; x_wconf 84' lang='lat' dir='ltr'><strong>iu</strong></span> <span class='ocrx_word' id='word_1_184' title='bbox 1007 2048 1143 2122; x_wconf 79' lang='lat' dir='ltr'><strong>spetiosum</strong></span> <span class='ocrx_word' id='word_1_185' title='bbox 1165 2047 1292 2123; x_wconf 76' lang='lat' dir='ltr'><strong>Elpriunr,</strong></span> <span class='ocrx_word' id='word_1_186' title='bbox 1401 2048 1405 2057; x_wconf 89' lang='lat'>&#39;</span> 
     </span>
    </p>
   </div>
   <div class='ocr_carea' id='block_1_8' title="bbox 61 2179 1366 4567">
    <p class='ocr_par' dir='ltr' id='par_1_11' title="bbox 61 2179 1366 4567">
     <span class='ocr_line' id='line_1_23' title="bbox 61 2179 1293 2266; baseline 0.009 -33"><span class='ocrx_word' id='word_1_187' title='bbox 61 2198 124 2265; x_wconf 74' lang='lat' dir='ltr'><strong>mox</strong></span> <span class='ocrx_word' id='word_1_188' title='bbox 136 2179 266 2266; x_wconf 66' lang='lat' dir='ltr'><strong>diurnus.</strong></span> <span class='ocrx_word' id='word_1_189' title='bbox 280 2186 348 2244; x_wconf 85' lang='lat' dir='ltr'><strong>Hine</strong></span> <span class='ocrx_word' id='word_1_190' title='bbox 365 2189 431 2244; x_wconf 82' lang='lat' dir='ltr'><strong>inter</strong></span> <span class='ocrx_word' id='word_1_191' title='bbox 448 2190 515 2261; x_wconf 88' lang='lat' dir='ltr'><strong>ipsos</strong></span> <span class='ocrx_word' id='word_1_192' title='bbox 531 2190 659 2261; x_wconf 85' lang='lat' dir='ltr'><strong>homines,</strong></span> <span class='ocrx_word' id='word_1_193' title='bbox 710 2192 879 2266; x_wconf 67' lang='lat' dir='ltr'><strong>argutionum</strong></span> <span class='ocrx_word' id='word_1_194' title='bbox 895 2209 1012 2266; x_wconf 79' lang='lat' dir='ltr'><strong>genera:</strong></span> <span class='ocrx_word' id='word_1_195' title='bbox 1038 2199 1084 2247; x_wconf 85' lang='lat' dir='ltr'><strong>aut</strong></span> <span class='ocrx_word' id='word_1_196' title='bbox 1100 2195 1171 2247; x_wconf 89' lang='lat' dir='ltr'><strong>enim</strong></span> <span class='ocrx_word' id='word_1_197' title='bbox 1188 2208 1230 2246; x_wconf 81' lang='lat' dir='ltr'><strong>rer</strong></span> <span class='ocrx_word' id='word_1_198' title='bbox 1248 2191 1293 2246; x_wconf 88' lang='lat' dir='ltr'><strong>in·.</strong></span> 
     </span>
     <span class='ocr_line' id='line_1_24' title="bbox 61 2211 1291 2340; baseline 0.015 -34"><span class='ocrx_word' id='word_1_199' title='bbox 61 2254 176 2322; x_wconf 86' lang='lat' dir='ltr'><strong>mdelrn,</strong></span> <span class='ocrx_word' id='word_1_200' title='bbox 195 2257 316 2328; x_wconf 77' lang='lat' dir='ltr'><strong>ingenii,</strong></span> <span class='ocrx_word' id='word_1_201' title='bbox 336 2278 485 2333; x_wconf 76' lang='lat' dir='ltr'><strong>morumque</strong></span> <span class='ocrx_word' id='word_1_202' title='bbox 501 2261 657 2335; x_wconf 69' lang='lat' dir='ltr'><strong>diversius,</strong></span> <span class='ocrx_word' id='word_1_203' title='bbox 692 2211 774 2320; x_wconf 45' lang='lat' dir='ltr'><strong>aare</strong></span> <span class='ocrx_word' id='word_1_204' title='bbox 802 2266 876 2320; x_wconf 76' lang='lat' dir='ltr'><strong>tuedo</strong></span> <span class='ocrx_word' id='word_1_205' title='bbox 902 2265 943 2322; x_wconf 86' lang='lat' dir='ltr'><strong>rel</strong></span> <span class='ocrx_word' id='word_1_206' title='bbox 970 2265 1070 2321; x_wconf 80' lang='lat' dir='ltr'><strong>sulfure</strong></span> <span class='ocrx_word' id='word_1_207' title='bbox 1094 2264 1291 2340; x_wconf 60' lang='lat' dir='ltr'><strong>purgatorum,</strong></span> 
     </span>
     <span class='ocr_line' id='line_1_25' title="bbox 62 2326 1292 2412; baseline 0.006 -30"><span class='ocrx_word' id='word_1_208' title='bbox 62 2344 97 2379; x_wconf 84' lang='lat' dir='ltr'><strong>ex</strong></span> <span class='ocrx_word' id='word_1_209' title='bbox 114 2326 203 2383; x_wconf 74' lang='lat' dir='ltr'><strong>eadem</strong></span> <span class='ocrx_word' id='word_1_210' title='bbox 221 2330 351 2385; x_wconf 86' lang='lat' dir='ltr'><strong>oriebrtur</strong></span> <span class='ocrx_word' id='word_1_211' title='bbox 367 2335 490 2390; x_wconf 68' lang='lat' dir='ltr'><strong>intente</strong></span> <span class='ocrx_word' id='word_1_212' title='bbox 506 2348 657 2407; x_wconf 88' lang='lat' dir='ltr'><strong>eorporum:</strong></span> <span class='ocrx_word' id='word_1_213' title='bbox 694 2346 740 2392; x_wconf 80' lang='lat' dir='ltr'><strong>ent</strong></span> <span class='ocrx_word' id='word_1_214' title='bbox 755 2355 821 2412; x_wconf 81' lang='lat' dir='ltr'><strong>uque</strong></span> <span class='ocrx_word' id='word_1_215' title='bbox 848 2338 1045 2407; x_wconf 72' lang='lat' dir='ltr'><strong>lustrabantur,</strong></span> <span class='ocrx_word' id='word_1_216' title='bbox 1072 2343 1116 2395; x_wconf 88' lang='lat' dir='ltr'><strong>aut</strong></span> <span class='ocrx_word' id='word_1_217' title='bbox 1132 2342 1195 2392; x_wconf 74' lang='lat' dir='ltr'><strong>aire</strong></span> <span class='ocrx_word' id='word_1_218' title='bbox 1211 2337 1292 2390; x_wconf 83' lang='lat' dir='ltr'><strong>venti·</strong></span> 
     </span>
     <span class='ocr_line' id='line_1_26' title="bbox 65 2398 1293 2486; baseline 0.008 -31"><span class='ocrx_word' id='word_1_219' title='bbox 65 2398 121 2482; x_wconf 70' lang='lat' dir='ltr'><strong>ideo</strong></span> <span class='ocrx_word' id='word_1_220' title='bbox 135 2400 172 2453; x_wconf 80' lang='lat' dir='ltr'><strong>ait</strong></span> <span class='ocrx_word' id='word_1_221' title='bbox 188 2400 284 2486; x_wconf 77' lang='lat' dir='ltr'><strong>Petita.</strong></span> <span class='ocrx_word' id='word_1_222' title='bbox 300 2405 435 2460; x_wconf 77' lang='lat' dir='ltr'><strong>eoelestem</strong></span> <span class='ocrx_word' id='word_1_223' title='bbox 453 2406 481 2459; x_wconf 91' lang='lat' dir='ltr'><strong>in</strong></span> <span class='ocrx_word' id='word_1_224' title='bbox 498 2422 589 2462; x_wconf 85' lang='lat' dir='ltr'><strong>eorum</strong></span> <span class='ocrx_word' id='word_1_225' title='bbox 605 2408 659 2464; x_wconf 91' lang='lat' dir='ltr'><strong>ani·</strong></span> <span class='ocrx_word' id='word_1_226' title='bbox 694 2409 823 2464; x_wconf 78' lang='lat' dir='ltr'><strong>labantur.</strong></span> <span class='ocrx_word' id='word_1_227' title='bbox 841 2412 875 2466; x_wconf 81' lang='lat' dir='ltr'><strong>Et</strong></span> <span class='ocrx_word' id='word_1_228' title='bbox 891 2417 1015 2481; x_wconf 72' lang='lat' dir='ltr'><strong>quantum</strong></span> <span class='ocrx_word' id='word_1_229' title='bbox 1037 2408 1069 2463; x_wconf 83' lang='lat' dir='ltr'><strong>nd</strong></span> <span class='ocrx_word' id='word_1_230' title='bbox 1086 2409 1206 2479; x_wconf 72' lang='lat' dir='ltr'><strong>animas,</strong></span> <span class='ocrx_word' id='word_1_231' title='bbox 1223 2408 1293 2465; x_wconf 75' lang='lat' dir='ltr'><strong>huno</strong></span> 
     </span>
     <span class='ocr_line' id='line_1_27' title="bbox 63 2476 1295 2553; baseline 0.012 -29"><span class='ocrx_word' id='word_1_232' title='bbox 63 2489 112 2524; x_wconf 88' lang='lat' dir='ltr'><strong>nus</strong></span> <span class='ocrx_word' id='word_1_233' title='bbox 135 2489 194 2526; x_wconf 84' lang='lat' dir='ltr'><strong>erse</strong></span> <span class='ocrx_word' id='word_1_234' title='bbox 218 2476 372 2545; x_wconf 79' lang='lat' dir='ltr'><strong>originem,</strong></span> <span class='ocrx_word' id='word_1_235' title='bbox 398 2485 425 2541; x_wconf 84' lang='lat' dir='ltr'><strong>et</strong></span> <span class='ocrx_word' id='word_1_236' title='bbox 442 2494 504 2532; x_wconf 83' lang='lat' dir='ltr'><strong>rere</strong></span> <span class='ocrx_word' id='word_1_237' title='bbox 520 2497 660 2550; x_wconf 72' lang='lat' dir='ltr'><strong>apparere,</strong></span> <span class='ocrx_word' id='word_1_238' title='bbox 696 2480 834 2538; x_wconf 68' lang='lat' dir='ltr'><strong>Platonicis</strong></span> <span class='ocrx_word' id='word_1_239' title='bbox 858 2481 976 2536; x_wconf 70' lang='lat' dir='ltr'><strong>attribuit</strong></span> <span class='ocrx_word' id='word_1_240' title='bbox 1000 2483 1153 2536; x_wconf 81' lang='lat' dir='ltr'><strong>sententimu</strong></span> <span class='ocrx_word' id='word_1_241' title='bbox 1170 2480 1295 2553; x_wconf 66' lang='lat' dir='ltr'><strong>Augusti.</strong></span> 
     </span>
     <span class='ocr_line' id='line_1_28' title="bbox 63 2549 1292 2624; baseline 0.005 -23"><span class='ocrx_word' id='word_1_242' title='bbox 63 2549 190 2610; x_wconf 68' lang='lat' dir='ltr'><strong>quatenns</strong></span> <span class='ocrx_word' id='word_1_243' title='bbox 213 2561 351 2618; x_wconf 86' lang='lat' dir='ltr'><strong>eorporum</strong></span> <span class='ocrx_word' id='word_1_244' title='bbox 367 2557 392 2603; x_wconf 85' lang='lat' dir='ltr'><strong>et</strong></span> <span class='ocrx_word' id='word_1_245' title='bbox 409 2550 584 2607; x_wconf 86' lang='lat' dir='ltr'><strong>membrorum</strong></span> <span class='ocrx_word' id='word_1_246' title='bbox 599 2571 660 2624; x_wconf 90' lang='lat' dir='ltr'><strong>pon·</strong></span> <span class='ocrx_word' id='word_1_247' title='bbox 695 2570 748 2607; x_wconf 90' lang='lat' dir='ltr'><strong>nus</strong></span> <span class='ocrx_word' id='word_1_248' title='bbox 763 2556 795 2609; x_wconf 85' lang='lat' dir='ltr'><strong>de</strong></span> <span class='ocrx_word' id='word_1_249' title='bbox 811 2552 890 2607; x_wconf 75' lang='lat' dir='ltr'><strong>(livit.</strong></span> <span class='ocrx_word' id='word_1_250' title='bbox 909 2554 957 2607; x_wconf 87' lang='lat' dir='ltr'><strong>Dei</strong></span> <span class='ocrx_word' id='word_1_251' title='bbox 968 2591 977 2620; x_wconf 88' lang='lat'>,</span> <span class='ocrx_word' id='word_1_252' title='bbox 988 2553 1034 2606; x_wconf 87' lang='lat' dir='ltr'><strong>lib.</strong></span> <span class='ocrx_word' id='word_1_253' title='bbox 1055 2570 1099 2606; x_wconf 84' lang='lat' dir='ltr'><strong>nr.</strong></span> <span class='ocrx_word' id='word_1_254' title='bbox 1121 2554 1163 2607; x_wconf 77' lang='lat' dir='ltr'><strong>rb.</strong></span> <span class='ocrx_word' id='word_1_255' title='bbox 1182 2569 1292 2624; x_wconf 85' lang='lat' dir='ltr'><strong>eamque</strong></span> 
     </span>
     <span class='ocr_line' id='line_1_29' title="bbox 62 2614 1291 2698; baseline 0.009 -31"><span class='ocrx_word' id='word_1_256' title='bbox 62 2614 127 2668; x_wconf 88' lang='lat' dir='ltr'><strong>dere</strong></span> <span class='ocrx_word' id='word_1_257' title='bbox 141 2633 196 2669; x_wconf 89' lang='lat' dir='ltr'><strong>non</strong></span> <span class='ocrx_word' id='word_1_258' title='bbox 212 2625 366 2690; x_wconf 72' lang='lat' dir='ltr'><strong>gravantur.</strong></span> <span class='ocrx_word' id='word_1_259' title='bbox 696 2624 769 2679; x_wconf 78' lang='lat' dir='ltr'><strong>affert</strong></span> <span class='ocrx_word' id='word_1_260' title='bbox 784 2627 863 2698; x_wconf 85' lang='lat' dir='ltr'><strong>hujus</strong></span> <span class='ocrx_word' id='word_1_261' title='bbox 878 2641 1001 2677; x_wconf 87' lang='lat' dir='ltr'><strong>oausam:</strong></span> <span class='ocrx_word' id='word_1_262' title='bbox 1019 2623 1227 2695; x_wconf 80' lang='lat' dir='ltr'><strong>quod‚qunm&#39;nm</strong></span> <span class='ocrx_word' id='word_1_263' title='bbox 1238 2633 1291 2678; x_wconf 75' lang='lat' dir='ltr'><strong>ter·</strong></span> 
     </span>
     <span class='ocr_line' id='line_1_30' title="bbox 100 2685 1292 2769; baseline 0.005 -28"><span class='ocrx_word' id='word_1_264' title='bbox 100 2685 140 2758; x_wconf 89' lang='lat' dir='ltr'><strong>(r)</strong></span> <span class='ocrx_word' id='word_1_265' title='bbox 155 2688 221 2744; x_wconf 82' lang='lat' dir='ltr'><strong>Hine</strong></span> <span class='ocrx_word' id='word_1_266' title='bbox 239 2698 358 2746; x_wconf 87' lang='lat' dir='ltr'><strong>metuunt</strong></span> <span class='ocrx_word' id='word_1_267' title='bbox 373 2691 552 2764; x_wconf 81' lang='lat' dir='ltr'><strong>cupiuntque,</strong></span> <span class='ocrx_word' id='word_1_268' title='bbox 575 2700 625 2748; x_wconf 90' lang='lat' dir='ltr'><strong>ete.</strong></span> <span class='ocrx_word' id='word_1_269' title='bbox 639 2693 659 2766; x_wconf 85' lang='lat'><strong>)-</strong></span> <span class='ocrx_word' id='word_1_270' title='bbox 696 2698 737 2751; x_wconf 78' lang='lat' dir='ltr'><strong>rie</strong></span> <span class='ocrx_word' id='word_1_271' title='bbox 752 2696 891 2769; x_wconf 77' lang='lat' dir='ltr'><strong>rupertirra</strong></span> <span class='ocrx_word' id='word_1_272' title='bbox 907 2705 969 2749; x_wconf 83' lang='lat' dir='ltr'><strong>runt</strong></span> <span class='ocrx_word' id='word_1_273' title='bbox 987 2693 1121 2761; x_wconf 64' lang='grc' dir='ltr'><strong>εἰρωνεία,</strong></span> <span class='ocrx_word' id='word_1_274' title='bbox 1142 2710 1221 2766; x_wconf 69' lang='grc' dir='ltr'><strong><em>σφεα,</em></strong></span> <span class='ocrx_word' id='word_1_275' title='bbox 1231 2696 1292 2760; x_wconf 69' lang='lat' dir='ltr'><strong>air,</strong></span> 
     </span>
     <span class='ocr_line' id='line_1_31' title="bbox 67 2757 1293 2838; baseline 0.004 -26"><span class='ocrx_word' id='word_1_276' title='bbox 67 2757 112 2811; x_wconf 87' lang='lat' dir='ltr'><strong>vl.</strong></span> <span class='ocrx_word' id='word_1_277' title='bbox 133 2758 224 2831; x_wconf 82' lang='lat' dir='ltr'><strong>Caput.</strong></span> <span class='ocrx_word' id='word_1_278' title='bbox 244 2765 283 2818; x_wconf 83' lang='lat' dir='ltr'><strong>Ex</strong></span> <span class='ocrx_word' id='word_1_279' title='bbox 311 2765 354 2817; x_wconf 88' lang='lat' dir='ltr'><strong>ille</strong></span> <span class='ocrx_word' id='word_1_280' title='bbox 369 2781 430 2818; x_wconf 93' lang='lat' dir='ltr'><strong>eum</strong></span> <span class='ocrx_word' id='word_1_281' title='bbox 446 2764 599 2834; x_wconf 73' lang='lat' dir='ltr'><strong>corporibus</strong></span> <span class='ocrx_word' id='word_1_282' title='bbox 618 2782 662 2817; x_wconf 85' lang='lat' dir='ltr'><strong>ne·</strong></span> <span class='ocrx_word' id='word_1_283' title='bbox 696 2767 778 2838; x_wconf 49' lang='lat' dir='ltr'><strong>sputu·</strong></span> <span class='ocrx_word' id='word_1_284' title='bbox 789 2784 826 2820; x_wconf 69' lang='grc' dir='ltr'><strong>ιω</strong></span> <span class='ocrx_word' id='word_1_285' title='bbox 842 2765 1048 2838; x_wconf 67' lang='grc' dir='ltr'><strong>αἰὴηοὼωηεω</strong></span> <span class='ocrx_word' id='word_1_286' title='bbox 1066 2764 1210 2829; x_wconf 70' lang='lat' dir='ltr'><strong>emorimur,</strong></span> <span class='ocrx_word' id='word_1_287' title='bbox 1223 2761 1293 2835; x_wconf 71' lang='lat' dir='ltr'><strong>qued</strong></span> 
     </span>
     <span class='ocr_line' id='line_1_32' title="bbox 66 2831 1223 2911; baseline 0.004 -29"><span class='ocrx_word' id='word_1_288' title='bbox 66 2847 102 2883; x_wconf 82' lang='grc' dir='ltr'><strong>ιιι</strong></span> <span class='ocrx_word' id='word_1_289' title='bbox 126 2831 245 2886; x_wconf 90' lang='lat' dir='ltr'><strong>oriuntur</strong></span> <span class='ocrx_word' id='word_1_290' title='bbox 273 2834 477 2906; x_wconf 74' lang='lat' dir='ltr'><strong>perturbrliones</strong></span> <span class='ocrx_word' id='word_1_291' title='bbox 500 2853 590 2892; x_wconf 86' lang='lat' dir='ltr'><strong>omues</strong></span> <span class='ocrx_word' id='word_1_292' title='bbox 607 2836 662 2888; x_wconf 85' lang='lat' dir='ltr'><strong>nni·</strong></span> <span class='ocrx_word' id='word_1_293' title='bbox 699 2847 805 2892; x_wconf 64' lang='lat' dir='ltr'><strong>menn</strong></span> <span class='ocrx_word' id='word_1_294' title='bbox 821 2835 975 2911; x_wconf 65' lang='lat' dir='ltr'><strong>conluuione</strong></span> <span class='ocrx_word' id='word_1_295' title='bbox 992 2846 1156 2890; x_wconf 80' lang='lat' dir='ltr'><strong>eentroetner</strong></span> <span class='ocrx_word' id='word_1_296' title='bbox 1172 2842 1223 2889; x_wconf 81' lang='lat' dir='ltr'><strong>ert.</strong></span> 
     </span>
     <span class='ocr_line' id='line_1_33' title="bbox 66 2903 1292 2982; baseline 0.003 -25"><span class='ocrx_word' id='word_1_297' title='bbox 66 2920 178 2957; x_wconf 82' lang='lat' dir='ltr'><strong>unorum.</strong></span> <span class='ocrx_word' id='word_1_298' title='bbox 198 2904 278 2961; x_wconf 88' lang='lat' dir='ltr'><strong>Prout</strong></span> <span class='ocrx_word' id='word_1_299' title='bbox 294 2909 408 2979; x_wconf 85' lang='lat' dir='ltr'><strong>quippe,</strong></span> <span class='ocrx_word' id='word_1_300' title='bbox 427 2913 472 2959; x_wconf 85' lang='lat' dir='ltr'><strong>aut</strong></span> <span class='ocrx_word' id='word_1_301' title='bbox 489 2907 661 2979; x_wconf 62' lang='lat' dir='ltr'><strong>sanguinent</strong></span> <span class='ocrx_word' id='word_1_302' title='bbox 730 2909 769 2982; x_wconf 75' lang='grc'><strong>(4)</strong></span> <span class='ocrx_word' id='word_1_303' title='bbox 789 2907 905 2978; x_wconf 78' lang='lat' dir='ltr'><strong>Quisque</strong></span> <span class='ocrx_word' id='word_1_304' title='bbox 924 2923 986 2959; x_wconf 85' lang='lat' dir='ltr'><strong>suos</strong></span> <span class='ocrx_word' id='word_1_305' title='bbox 1002 2906 1115 2978; x_wconf 76' lang='lat' dir='ltr'><strong>petimur</strong></span> <span class='ocrx_word' id='word_1_306' title='bbox 1132 2903 1250 2979; x_wconf 78' lang='lat' dir='ltr'><strong>muner).</strong></span> <span class='ocrx_word' id='word_1_307' title='bbox 1263 2904 1292 2961; x_wconf 86' lang='lat' dir='ltr'><strong>ld</strong></span> 
     </span>
     <span class='ocr_line' id='line_1_34' title="bbox 66 2976 1294 3051; baseline 0.007 -25"><span class='ocrx_word' id='word_1_308' title='bbox 66 2976 176 3048; x_wconf 77' lang='lat' dir='ltr'><strong>pituita,</strong></span> <span class='ocrx_word' id='word_1_309' title='bbox 201 2986 247 3032; x_wconf 92' lang='lat' dir='ltr'><strong>aut</strong></span> <span class='ocrx_word' id='word_1_310' title='bbox 264 2979 353 3046; x_wconf 79' lang='lat' dir='ltr'><strong>iluna,</strong></span> <span class='ocrx_word' id='word_1_311' title='bbox 376 2985 467 3033; x_wconf 72' lang='lat' dir='ltr'><strong>otram</strong></span> <span class='ocrx_word' id='word_1_312' title='bbox 483 2977 543 3039; x_wconf 78' lang='lat' dir='ltr'><strong>biliu</strong></span> <span class='ocrx_word' id='word_1_313' title='bbox 561 2980 587 3032; x_wconf 93' lang='lat' dir='ltr'><strong>in</strong></span> <span class='ocrx_word' id='word_1_314' title='bbox 605 2996 661 3033; x_wconf 89' lang='lat' dir='ltr'><strong>eor·</strong></span> <span class='ocrx_word' id='word_1_315' title='bbox 695 2986 756 3048; x_wconf 85' lang='lat' dir='ltr'><strong>ert,</strong></span> <span class='ocrx_word' id='word_1_316' title='bbox 778 2979 873 3034; x_wconf 75' lang='lat' dir='ltr'><strong>Omnes</strong></span> <span class='ocrx_word' id='word_1_317' title='bbox 887 2980 1006 3051; x_wconf 76' lang='lat' dir='ltr'><strong>petimur</strong></span> <span class='ocrx_word' id='word_1_318' title='bbox 1023 2989 1246 3046; x_wconf 68' lang='lat' dir='ltr'><strong>instrunmento,</strong></span> <span class='ocrx_word' id='word_1_319' title='bbox 1263 2997 1294 3034; x_wconf 83' lang='lat' dir='ltr'><strong>u·</strong></span> 
     </span>
     <span class='ocr_line' id='line_1_35' title="bbox 67 3047 1293 3126; baseline 0.003 -26"><span class='ocrx_word' id='word_1_320' title='bbox 67 3047 174 3119; x_wconf 76' lang='lat' dir='ltr'><strong>poribus</strong></span> <span class='ocrx_word' id='word_1_321' title='bbox 189 3053 337 3120; x_wconf 69' lang='lat' dir='ltr'><strong>praevalet:</strong></span> <span class='ocrx_word' id='word_1_322' title='bbox 356 3049 393 3103; x_wconf 81' lang='lat' dir='ltr'><strong>iu</strong></span> <span class='ocrx_word' id='word_1_323' title='bbox 409 3047 518 3102; x_wconf 87' lang='lat' dir='ltr'><strong>motibus</strong></span> <span class='ocrx_word' id='word_1_324' title='bbox 539 3050 616 3120; x_wconf 81' lang='lat' dir='ltr'><strong>oliir,</strong></span> <span class='ocrx_word' id='word_1_325' title='bbox 634 3068 660 3105; x_wconf 87' lang='lat' dir='ltr'><strong>a·</strong></span> <span class='ocrx_word' id='word_1_326' title='bbox 696 3050 854 3126; x_wconf 60' lang='lat' dir='ltr'><strong>raptuique</strong></span> <span class='ocrx_word' id='word_1_327' title='bbox 872 3067 946 3105; x_wconf 78' lang='lat' dir='ltr'><strong>mter.</strong></span> <span class='ocrx_word' id='word_1_328' title='bbox 959 3049 1069 3118; x_wconf 80' lang='lat' dir='ltr'><strong>Quinam</strong></span> <span class='ocrx_word' id='word_1_329' title='bbox 1084 3053 1170 3106; x_wconf 82' lang='lat' dir='ltr'><strong>entem</strong></span> <span class='ocrx_word' id='word_1_330' title='bbox 1188 3048 1293 3104; x_wconf 87' lang='lat' dir='ltr'><strong>illisiut</strong></span> 
     </span>
     <span class='ocr_line' id='line_1_36' title="bbox 65 3119 1327 3198; baseline 0.002 -26"><span class='ocrx_word' id='word_1_331' title='bbox 65 3119 160 3190; x_wconf 68' lang='lat' dir='ltr'><strong>libre,</strong></span> <span class='ocrx_word' id='word_1_332' title='bbox 176 3122 278 3175; x_wconf 84' lang='lat' dir='ltr'><strong>facilius</strong></span> <span class='ocrx_word' id='word_1_333' title='bbox 294 3123 374 3174; x_wconf 90' lang='lat' dir='ltr'><strong>animi</strong></span> <span class='ocrx_word' id='word_1_334' title='bbox 393 3121 533 3193; x_wconf 73' lang='lat' dir='ltr'><strong>agitantur.</strong></span> <span class='ocrx_word' id='word_1_335' title='bbox 554 3122 599 3176; x_wconf 81' lang='lat' dir='ltr'><strong>ilis</strong></span> <span class='ocrx_word' id='word_1_336' title='bbox 616 3141 662 3176; x_wconf 87' lang='lat' dir='ltr'><strong>au·</strong></span> <span class='ocrx_word' id='word_1_337' title='bbox 697 3140 809 3189; x_wconf 81' lang='lat' dir='ltr'><strong>maner,</strong></span> <span class='ocrx_word' id='word_1_338' title='bbox 835 3121 991 3194; x_wconf 72' lang='lat' dir='ltr'><strong>ambigitur:</strong></span> <span class='ocrx_word' id='word_1_339' title='bbox 1019 3121 1096 3194; x_wconf 84' lang='lat' dir='ltr'><strong>idque</strong></span> <span class='ocrx_word' id='word_1_340' title='bbox 1114 3121 1196 3179; x_wconf 82' lang='lat' dir='ltr'><strong>rideri</strong></span> <span class='ocrx_word' id='word_1_341' title='bbox 1212 3126 1295 3198; x_wconf 82' lang='lat' dir='ltr'><strong>poteri</strong></span> <span class='ocrx_word' id='word_1_342' title='bbox 1324 3185 1327 3192; x_wconf 23' lang='grc' dir='ltr'><strong>Δ</strong></span> 
     </span>
     <span class='ocr_line' id='line_1_37' title="bbox 67 3192 1291 3266; baseline 0.005 -22"><span class='ocrx_word' id='word_1_343' title='bbox 67 3197 120 3246; x_wconf 88' lang='lat' dir='ltr'><strong>tem</strong></span> <span class='ocrx_word' id='word_1_344' title='bbox 137 3201 247 3262; x_wconf 89' lang='lat' dir='ltr'><strong>quatuor</strong></span> <span class='ocrx_word' id='word_1_345' title='bbox 261 3194 371 3247; x_wconf 77' lang='lat' dir='ltr'><strong>mndbur</strong></span> <span class='ocrx_word' id='word_1_346' title='bbox 382 3200 483 3247; x_wconf 78' lang='lat' dir='ltr'><strong>eeteros</strong></span> <span class='ocrx_word' id='word_1_347' title='bbox 499 3211 589 3248; x_wconf 86' lang='lat' dir='ltr'><strong>omnes</strong></span> <span class='ocrx_word' id='word_1_348' title='bbox 600 3195 662 3250; x_wconf 76' lang='lat' dir='ltr'><strong>Pod-</strong></span> <span class='ocrx_word' id='word_1_349' title='bbox 698 3215 713 3250; x_wconf 90' lang='lat' dir='ltr'><strong>o</strong></span> <span class='ocrx_word' id='word_1_350' title='bbox 731 3193 1212 3266; x_wconf 80' lang='lat' dir='ltr'><strong>Plutonirdeetrinrelinmrepetituru.</strong></span> <span class='ocrx_word' id='word_1_351' title='bbox 1222 3192 1291 3253; x_wconf 86' lang='lat' dir='ltr'><strong>vssl.</strong></span> 
     </span>
     <span class='ocr_line' id='line_1_38' title="bbox 68 3265 1290 3341; baseline 0.006 -24"><span class='ocrx_word' id='word_1_352' title='bbox 68 3270 97 3317; x_wconf 73' lang='lat' dir='ltr'><strong>ln</strong></span> <span class='ocrx_word' id='word_1_353' title='bbox 112 3266 290 3335; x_wconf 80' lang='lat' dir='ltr'><strong>complectitur</strong></span> <span class='ocrx_word' id='word_1_354' title='bbox 302 3281 308 3315; x_wconf 77' lang='lat' dir='ltr'><strong>t</strong></span> <span class='ocrx_word' id='word_1_355' title='bbox 321 3267 415 3338; x_wconf 78' lang='lat' dir='ltr'><strong>quippe</strong></span> <span class='ocrx_word' id='word_1_356' title='bbox 432 3274 502 3331; x_wconf 63' lang='lat' dir='ltr'><strong>marr</strong></span> <span class='ocrx_word' id='word_1_357' title='bbox 518 3284 549 3321; x_wconf 86' lang='lat' dir='ltr'><strong>ae</strong></span> <span class='ocrx_word' id='word_1_358' title='bbox 565 3268 675 3324; x_wconf 53' lang='lat' dir='ltr'><strong>&amp;ride</strong></span> <span class='ocrx_word' id='word_1_359' title='bbox 698 3268 783 3338; x_wconf 75' lang='lat' dir='ltr'><strong>igitur</strong></span> <span class='ocrx_word' id='word_1_360' title='bbox 801 3265 894 3339; x_wconf 73' lang='lat' dir='ltr'><strong>Capul.</strong></span> <span class='ocrx_word' id='word_1_361' title='bbox 912 3266 1014 3320; x_wconf 78' lang='lat' dir='ltr'><strong>Animis</strong></span> <span class='ocrx_word' id='word_1_362' title='bbox 1030 3266 1233 3341; x_wconf 80' lang='lat' dir='ltr'><strong>singulis,jam</strong></span> <span class='ocrx_word' id='word_1_363' title='bbox 1250 3267 1290 3324; x_wconf 86' lang='lat' dir='ltr'><strong>in·</strong></span> 
     </span>
     <span class='ocr_line' id='line_1_39' title="bbox 64 3336 1293 3413; baseline 0.002 -21"><span class='ocrx_word' id='word_1_364' title='bbox 64 3338 109 3392; x_wconf 81' lang='lat' dir='ltr'><strong>rie</strong></span> <span class='ocrx_word' id='word_1_365' title='bbox 125 3354 172 3409; x_wconf 85' lang='lat' dir='ltr'><strong>spe</strong></span> <span class='ocrx_word' id='word_1_366' title='bbox 189 3338 216 3389; x_wconf 92' lang='lat' dir='ltr'><strong>in</strong></span> <span class='ocrx_word' id='word_1_367' title='bbox 235 3336 331 3391; x_wconf 86' lang='lat' dir='ltr'><strong>malurn</strong></span> <span class='ocrx_word' id='word_1_368' title='bbox 349 3355 380 3393; x_wconf 83' lang='lat' dir='ltr'><strong>no</strong></span> <span class='ocrx_word' id='word_1_369' title='bbox 392 3339 486 3392; x_wconf 88' lang='lat' dir='ltr'><strong>bonum</strong></span> <span class='ocrx_word' id='word_1_370' title='bbox 503 3337 664 3394; x_wconf 82' lang='lat' dir='ltr'><strong>iuturnnrie·</strong></span> <span class='ocrx_word' id='word_1_371' title='bbox 698 3340 731 3393; x_wconf 88' lang='lat' dir='ltr'><strong>de</strong></span> <span class='ocrx_word' id='word_1_372' title='bbox 748 3357 765 3392; x_wconf 93' lang='lat' dir='ltr'><strong>a</strong></span> <span class='ocrx_word' id='word_1_373' title='bbox 781 3337 866 3410; x_wconf 85' lang='lat' dir='ltr'><strong>prima</strong></span> <span class='ocrx_word' id='word_1_374' title='bbox 882 3340 1049 3411; x_wconf 72' lang='lat' dir='ltr'><strong>generatione</strong></span> <span class='ocrx_word' id='word_1_375' title='bbox 1066 3340 1293 3413; x_wconf 76' lang='lat' dir='ltr'><strong>deaeenmsqueex</strong></span> 
     </span>
     <span class='ocr_line' id='line_1_40' title="bbox 66 3408 1293 3483; baseline 0 -22"><span class='ocrx_word' id='word_1_376' title='bbox 66 3409 175 3477; x_wconf 77' lang='lat' dir='ltr'><strong>rimur3</strong></span> <span class='ocrx_word' id='word_1_377' title='bbox 193 3408 284 3464; x_wconf 79' lang='lat' dir='ltr'><strong>delere</strong></span> <span class='ocrx_word' id='word_1_378' title='bbox 301 3416 326 3462; x_wconf 86' lang='lat' dir='ltr'><strong>rt</strong></span> <span class='ocrx_word' id='word_1_379' title='bbox 339 3411 457 3482; x_wconf 75' lang='lat' dir='ltr'><strong>pmldlb,</strong></span> <span class='ocrx_word' id='word_1_380' title='bbox 480 3410 551 3466; x_wconf 88' lang='lat' dir='ltr'><strong>eirea</strong></span> <span class='ocrx_word' id='word_1_381' title='bbox 567 3412 664 3468; x_wconf 81' lang='lat' dir='ltr'><strong>malurn</strong></span> <span class='ocrx_word' id='word_1_382' title='bbox 698 3411 792 3477; x_wconf 79' lang='lat' dir='ltr'><strong>nutris,</strong></span> <span class='ocrx_word' id='word_1_383' title='bbox 820 3411 927 3483; x_wconf 80' lang='lat' dir='ltr'><strong>genium</strong></span> <span class='ocrx_word' id='word_1_384' title='bbox 944 3412 1000 3468; x_wconf 81' lang='lat' dir='ltr'><strong>sive</strong></span> <span class='ocrx_word' id='word_1_385' title='bbox 1016 3412 1169 3467; x_wconf 70' lang='lat' dir='ltr'><strong>daemonem</strong></span> <span class='ocrx_word' id='word_1_386' title='bbox 1186 3409 1293 3466; x_wconf 81' lang='lat' dir='ltr'><strong>attribui</strong></span> 
     </span>
     <span class='ocr_line' id='line_1_41' title="bbox 66 3480 1293 3610; baseline 0.002 -76"><span class='ocrx_word' id='word_1_387' title='bbox 66 3497 99 3534; x_wconf 78' lang='lat' dir='ltr'><strong>ue</strong></span> <span class='ocrx_word' id='word_1_388' title='bbox 116 3480 212 3536; x_wconf 86' lang='lat' dir='ltr'><strong>benum</strong></span> <span class='ocrx_word' id='word_1_389' title='bbox 227 3497 349 3551; x_wconf 77' lang='lat' dir='ltr'><strong>praesens</strong></span> <span class='ocrx_word' id='word_1_390' title='bbox 364 3483 510 3550; x_wconf 81' lang='lat' dir='ltr'><strong>affloimnr3</strong></span> <span class='ocrx_word' id='word_1_391' title='bbox 529 3488 556 3535; x_wconf 86' lang='lat' dir='ltr'><strong>et</strong></span> <span class='ocrx_word' id='word_1_392' title='bbox 575 3484 664 3553; x_wconf 74' lang='lat' dir='ltr'><strong>fenile,</strong></span> <span class='ocrx_word' id='word_1_393' title='bbox 698 3483 829 3537; x_wconf 84' lang='lat' dir='ltr'><strong>eustodem</strong></span> <span class='ocrx_word' id='word_1_394' title='bbox 846 3484 1017 3610; x_wconf 62' lang='lat' dir='ltr'><strong>operumqui</strong></span> <span class='ocrx_word' id='word_1_395' title='bbox 1034 3484 1149 3538; x_wconf 87' lang='lat' dir='ltr'><strong>animum</strong></span> <span class='ocrx_word' id='word_1_396' title='bbox 1166 3481 1193 3535; x_wconf 92' lang='lat' dir='ltr'><strong>in</strong></span> <span class='ocrx_word' id='word_1_397' title='bbox 1209 3481 1293 3537; x_wconf 76' lang='lat' dir='ltr'><strong>lucem</strong></span> 
     </span>
     <span class='ocr_line' id='line_1_42' title="bbox 66 3550 1294 3625; baseline 0.001 -20"><span class='ocrx_word' id='word_1_398' title='bbox 66 3550 182 3606; x_wconf 85' lang='lat' dir='ltr'><strong>inolurur</strong></span> <span class='ocrx_word' id='word_1_399' title='bbox 200 3553 276 3624; x_wconf 87' lang='lat' dir='ltr'><strong>qursi</strong></span> <span class='ocrx_word' id='word_1_400' title='bbox 296 3552 404 3609; x_wconf 86' lang='lat' dir='ltr'><strong>obsenrn</strong></span> <span class='ocrx_word' id='word_1_401' title='bbox 423 3570 527 3609; x_wconf 72' lang='lat' dir='ltr'><strong>emeere</strong></span> <span class='ocrx_word' id='word_1_402' title='bbox 543 3555 662 3615; x_wconf 82' lang='lat' dir='ltr'><strong>enimus.</strong></span> <span class='ocrx_word' id='word_1_403' title='bbox 698 3555 837 3618; x_wconf 84' lang='lat' dir='ltr'><strong>extrahat,</strong></span> <span class='ocrx_word' id='word_1_404' title='bbox 864 3571 896 3609; x_wconf 82' lang='lat' dir='ltr'><strong>ne</strong></span> <span class='ocrx_word' id='word_1_405' title='bbox 912 3554 969 3610; x_wconf 92' lang='lat' dir='ltr'><strong>dein</strong></span> <span class='ocrx_word' id='word_1_406' title='bbox 986 3573 1002 3610; x_wconf 88' lang='lat' dir='ltr'><strong>e</strong></span> <span class='ocrx_word' id='word_1_407' title='bbox 1017 3561 1073 3625; x_wconf 78' lang='lat' dir='ltr'><strong>post</strong></span> <span class='ocrx_word' id='word_1_408' title='bbox 1093 3560 1200 3611; x_wconf 88' lang='lat' dir='ltr'><strong>mortem</strong></span> <span class='ocrx_word' id='word_1_409' title='bbox 1218 3552 1294 3608; x_wconf 73' lang='lat' dir='ltr'><strong>redu-</strong></span> 
     </span>
     <span class='ocr_line' id='line_1_43' title="bbox 67 3624 1293 3702; baseline 0.005 -24"><span class='ocrx_word' id='word_1_410' title='bbox 67 3625 305 3693; x_wconf 60' lang='lat' dir='ltr'><strong>amoenitates,</strong></span> <span class='ocrx_word' id='word_1_411' title='bbox 332 3627 359 3682; x_wconf 88' lang='lat' dir='ltr'><strong>id</strong></span> <span class='ocrx_word' id='word_1_412' title='bbox 375 3631 434 3697; x_wconf 85' lang='lat' dir='ltr'><strong>est,</strong></span> <span class='ocrx_word' id='word_1_413' title='bbox 451 3626 568 3693; x_wconf 81' lang='lat' dir='ltr'><strong>dirinnui</strong></span> <span class='ocrx_word' id='word_1_414' title='bbox 583 3628 662 3702; x_wconf 79' lang='lat' dir='ltr'><strong>erigi·</strong></span> <span class='ocrx_word' id='word_1_415' title='bbox 699 3634 740 3681; x_wconf 82' lang='lat' dir='ltr'><strong>eat</strong></span> <span class='ocrx_word' id='word_1_416' title='bbox 757 3627 791 3681; x_wconf 90' lang='lat' dir='ltr'><strong>ad</strong></span> <span class='ocrx_word' id='word_1_417' title='bbox 809 3624 928 3696; x_wconf 78' lang='lat' dir='ltr'><strong>interos,</strong></span> <span class='ocrx_word' id='word_1_418' title='bbox 955 3626 992 3679; x_wconf 90' lang='lat' dir='ltr'><strong>ait</strong></span> <span class='ocrx_word' id='word_1_419' title='bbox 1007 3625 1082 3681; x_wconf 79' lang='lat' dir='ltr'><strong>Pluto</strong></span> <span class='ocrx_word' id='word_1_420' title='bbox 1110 3626 1142 3680; x_wconf 87' lang='lat' dir='ltr'><strong>de</strong></span> <span class='ocrx_word' id='word_1_421' title='bbox 1163 3624 1253 3696; x_wconf 83' lang='lat' dir='ltr'><strong>repub.</strong></span> <span class='ocrx_word' id='word_1_422' title='bbox 1273 3624 1293 3683; x_wconf 85' lang='lat' dir='ltr'><strong>l.</strong></span> 
     </span>
     <span class='ocr_line' id='line_1_44' title="bbox 66 3695 1295 3771; baseline -0.002 -20"><span class='ocrx_word' id='word_1_423' title='bbox 66 3715 145 3762; x_wconf 81' lang='lat' dir='ltr'><strong>nem,</strong></span> <span class='ocrx_word' id='word_1_424' title='bbox 162 3697 330 3752; x_wconf 81' lang='lat' dir='ltr'><strong>obliviseitur.</strong></span> <span class='ocrx_word' id='word_1_425' title='bbox 701 3718 743 3753; x_wconf 88' lang='lat' dir='ltr'><strong>ro.</strong></span> <span class='ocrx_word' id='word_1_426' title='bbox 762 3699 874 3771; x_wconf 77' lang='lat' dir='ltr'><strong>itemque</strong></span> <span class='ocrx_word' id='word_1_427' title='bbox 891 3697 919 3750; x_wconf 88' lang='lat' dir='ltr'><strong>in</strong></span> <span class='ocrx_word' id='word_1_428' title='bbox 932 3697 1077 3753; x_wconf 81' lang='lat' dir='ltr'><strong>Phaedone.</strong></span> <span class='ocrx_word' id='word_1_429' title='bbox 1090 3695 1142 3752; x_wconf 81' lang='lat' dir='ltr'><strong>Hos</strong></span> <span class='ocrx_word' id='word_1_430' title='bbox 1158 3713 1247 3752; x_wconf 78' lang='lat' dir='ltr'><strong>muner</strong></span> <span class='ocrx_word' id='word_1_431' title='bbox 1257 3695 1295 3750; x_wconf 86' lang='lat' dir='ltr'><strong>di·</strong></span> 
     </span>
     <span class='ocr_line' id='line_1_45' title="bbox 102 3767 1296 3842; baseline -0.001 -22"><span class='ocrx_word' id='word_1_432' title='bbox 102 3767 142 3839; x_wconf 68' lang='grc' dir='ltr'><strong>(α)</strong></span> <span class='ocrx_word' id='word_1_433' title='bbox 159 3769 329 3841; x_wconf 85' lang='lat' dir='ltr'><strong>inolesoere).</strong></span> <span class='ocrx_word' id='word_1_434' title='bbox 357 3770 404 3824; x_wconf 77' lang='lat' dir='ltr'><strong>Est</strong></span> <span class='ocrx_word' id='word_1_435' title='bbox 427 3770 508 3825; x_wconf 65' lang='lat' dir='ltr'><strong>merul</strong></span> <span class='ocrx_word' id='word_1_436' title='bbox 533 3788 661 3828; x_wconf 66' lang='lat' dir='ltr'><strong>merome.</strong></span> <span class='ocrx_word' id='word_1_437' title='bbox 698 3771 804 3825; x_wconf 84' lang='lat' dir='ltr'><strong>cimibi</strong></span> <span class='ocrx_word' id='word_1_438' title='bbox 822 3769 1062 3841; x_wconf 64' lang='lat' dir='ltr'><strong>venturorumque</strong></span> <span class='ocrx_word' id='word_1_439' title='bbox 1079 3767 1296 3842; x_wconf 74' lang='lat' dir='ltr'><strong>purgationismi·</strong></span> 
     </span>
     <span class='ocr_line' id='line_1_46' title="bbox 67 3838 1296 3914; baseline 0 -20"><span class='ocrx_word' id='word_1_440' title='bbox 67 3840 139 3902; x_wconf 77' lang='lat' dir='ltr'><strong>vel,</strong></span> <span class='ocrx_word' id='word_1_441' title='bbox 158 3841 191 3894; x_wconf 90' lang='lat' dir='ltr'><strong>ab</strong></span> <span class='ocrx_word' id='word_1_442' title='bbox 208 3843 269 3907; x_wconf 84' lang='lat' dir='ltr'><strong>ele,</strong></span> <span class='ocrx_word' id='word_1_443' title='bbox 295 3844 362 3914; x_wconf 88' lang='lat' dir='ltr'><strong>quod</strong></span> <span class='ocrx_word' id='word_1_444' title='bbox 380 3842 458 3896; x_wconf 87' lang='lat' dir='ltr'><strong>simul</strong></span> <span class='ocrx_word' id='word_1_445' title='bbox 474 3842 563 3895; x_wconf 80' lang='lat' dir='ltr'><strong>alitur.</strong></span> <span class='ocrx_word' id='word_1_446' title='bbox 582 3843 663 3898; x_wconf 86' lang='lat' dir='ltr'><strong>Vela</strong></span> <span class='ocrx_word' id='word_1_447' title='bbox 697 3843 794 3897; x_wconf 81' lang='lat' dir='ltr'><strong>nistros</strong></span> <span class='ocrx_word' id='word_1_448' title='bbox 811 3841 1108 3912; x_wconf 77' lang='lat' dir='ltr'><strong>adbiberiQuamquam</strong></span> <span class='ocrx_word' id='word_1_449' title='bbox 1122 3838 1170 3893; x_wconf 83' lang='lat' dir='ltr'><strong>&#39;alii</strong></span> <span class='ocrx_word' id='word_1_450' title='bbox 1187 3838 1296 3911; x_wconf 71' lang='lat' dir='ltr'><strong>pretinm</strong></span> 
     </span>
     <span class='ocr_line' id='line_1_47' title="bbox 69 3910 1366 3986; baseline -0.002 -18"><span class='ocrx_word' id='word_1_451' title='bbox 69 3914 141 3968; x_wconf 83' lang='lat' dir='ltr'><strong>rolen</strong></span> <span class='ocrx_word' id='word_1_452' title='bbox 150 3952 160 3980; x_wconf 86' lang='lat'><strong><em>,</em></strong></span> <span class='ocrx_word' id='word_1_453' title='bbox 179 3915 247 3983; x_wconf 88' lang='lat' dir='ltr'><strong>quod</strong></span> <span class='ocrx_word' id='word_1_454' title='bbox 264 3913 342 3967; x_wconf 87' lang='lat' dir='ltr'><strong>simul</strong></span> <span class='ocrx_word' id='word_1_455' title='bbox 359 3930 417 3968; x_wconf 86' lang='lat' dir='ltr'><strong>esre</strong></span> <span class='ocrx_word' id='word_1_456' title='bbox 434 3914 506 3968; x_wconf 82' lang='lat' dir='ltr'><strong>rotet.</strong></span> <span class='ocrx_word' id='word_1_457' title='bbox 698 3931 763 3980; x_wconf 83' lang='lat' dir='ltr'><strong>ner,</strong></span> <span class='ocrx_word' id='word_1_458' title='bbox 782 3912 875 3979; x_wconf 81' lang='lat' dir='ltr'><strong>furius,</strong></span> <span class='ocrx_word' id='word_1_459' title='bbox 884 3911 997 3985; x_wconf 79' lang='lat' dir='ltr'><strong>utiusque</strong></span> <span class='ocrx_word' id='word_1_460' title='bbox 1014 3913 1128 3979; x_wconf 79' lang='lat' dir='ltr'><strong>minores</strong></span> <span class='ocrx_word' id='word_1_461' title='bbox 1145 3910 1296 3986; x_wconf 67' lang='lat' dir='ltr'><strong>intelligunt</strong></span> <span class='ocrx_word' id='word_1_462' title='bbox 1356 3954 1366 3971; x_wconf 79' lang='lat'><em>,</em></span> 
     </span>
     <span class='ocr_line' id='line_1_48' title="bbox 104 3981 1295 4059; baseline 0.003 -24"><span class='ocrx_word' id='word_1_463' title='bbox 104 3983 144 4055; x_wconf 78' lang='lat'><strong>(3)</strong></span> <span class='ocrx_word' id='word_1_464' title='bbox 159 3986 234 4054; x_wconf 78' lang='lat' dir='ltr'><strong>Ergo</strong></span> <span class='ocrx_word' id='word_1_465' title='bbox 260 3993 413 4039; x_wconf 81' lang='lat' dir='ltr'><strong>exercentur</strong></span> <span class='ocrx_word' id='word_1_466' title='bbox 441 3984 550 4056; x_wconf 68' lang='lat' dir='ltr'><strong>porum,</strong></span> <span class='ocrx_word' id='word_1_467' title='bbox 577 3986 660 4059; x_wconf 86' lang='lat' dir='ltr'><strong>ete.)</strong></span> <span class='ocrx_word' id='word_1_468' title='bbox 696 3982 844 4039; x_wconf 78' lang='lat' dir='ltr'><strong>inferorum</strong></span> <span class='ocrx_word' id='word_1_469' title='bbox 869 3984 948 4053; x_wconf 81' lang='lat' dir='ltr'><strong>deor,</strong></span> <span class='ocrx_word' id='word_1_470' title='bbox 975 3984 1101 4055; x_wconf 80' lang='lat' dir='ltr'><strong>aquibus</strong></span> <span class='ocrx_word' id='word_1_471' title='bbox 1124 3981 1226 4038; x_wconf 85' lang='lat' dir='ltr'><strong>animae</strong></span> <span class='ocrx_word' id='word_1_472' title='bbox 1243 3988 1295 4038; x_wconf 85' lang='lat' dir='ltr'><strong>tor·</strong></span> 
     </span>
     <span class='ocr_line' id='line_1_49' title="bbox 70 4055 1295 4127; baseline -0.003 -16"><span class='ocrx_word' id='word_1_473' title='bbox 70 4056 126 4111; x_wconf 84' lang='lat' dir='ltr'><strong>vll.</strong></span> <span class='ocrx_word' id='word_1_474' title='bbox 150 4056 241 4127; x_wconf 79' lang='lat' dir='ltr'><strong>Caput.</strong></span> <span class='ocrx_word' id='word_1_475' title='bbox 260 4058 370 4111; x_wconf 77' lang='lat' dir='ltr'><strong>Animae</strong></span> <span class='ocrx_word' id='word_1_476' title='bbox 386 4057 466 4125; x_wconf 83' lang='lat' dir='ltr'><strong>illue,</strong></span> <span class='ocrx_word' id='word_1_477' title='bbox 479 4058 526 4111; x_wconf 83' lang='lat' dir='ltr'><strong>eui</strong></span> <span class='ocrx_word' id='word_1_478' title='bbox 544 4055 662 4114; x_wconf 72' lang='lat' dir='ltr'><strong>diversae</strong></span> <span class='ocrx_word' id='word_1_479' title='bbox 730 4063 827 4110; x_wconf 86' lang='lat' dir='ltr'><strong>entur:</strong></span> <span class='ocrx_word' id='word_1_480' title='bbox 856 4061 883 4108; x_wconf 90' lang='lat' dir='ltr'><strong>et</strong></span> <span class='ocrx_word' id='word_1_481' title='bbox 900 4071 961 4109; x_wconf 82' lang='lat' dir='ltr'><strong>vero</strong></span> <span class='ocrx_word' id='word_1_482' title='bbox 977 4055 1015 4109; x_wconf 83' lang='lat' dir='ltr'><strong>itu</strong></span> <span class='ocrx_word' id='word_1_483' title='bbox 1029 4060 1168 4115; x_wconf 84' lang='lat' dir='ltr'><strong>sumuntur</strong></span> <span class='ocrx_word' id='word_1_484' title='bbox 1184 4072 1295 4125; x_wconf 74' lang='lat' dir='ltr'><strong>mnae,</strong></span> 
     </span>
     <span class='ocr_line' id='line_1_50' title="bbox 70 4125 1295 4200; baseline 0.003 -20"><span class='ocrx_word' id='word_1_485' title='bbox 70 4127 251 4199; x_wconf 80' lang='lat' dir='ltr'><strong>reorporibur</strong></span> <span class='ocrx_word' id='word_1_486' title='bbox 268 4136 399 4189; x_wconf 80' lang='lat' dir='ltr'><strong>nrtnrne,</strong></span> <span class='ocrx_word' id='word_1_487' title='bbox 427 4142 460 4182; x_wconf 80' lang='lat' dir='ltr'><strong>ex</strong></span> <span class='ocrx_word' id='word_1_488' title='bbox 486 4129 609 4183; x_wconf 88' lang='lat' dir='ltr'><strong>diuturna</strong></span> <span class='ocrx_word' id='word_1_489' title='bbox 625 4136 662 4181; x_wconf 84' lang='lat' dir='ltr'><strong>tr·</strong></span> <span class='ocrx_word' id='word_1_490' title='bbox 752 4144 794 4200; x_wconf 77' lang='lat' dir='ltr'><strong>rg.</strong></span> <span class='ocrx_word' id='word_1_491' title='bbox 813 4127 844 4192; x_wconf 79' lang='grc'><strong>4.</strong></span> <span class='ocrx_word' id='word_1_492' title='bbox 858 4125 1038 4198; x_wconf 70' lang='grc' dir='ltr'><strong>489.8ω’νεπ1</strong></span> <span class='ocrx_word' id='word_1_493' title='bbox 1055 4125 1295 4197; x_wconf 62' lang='lat' dir='ltr'><strong>numerarem</strong></span> 
     </span>
     <span class='ocr_line' id='line_1_51' title="bbox 72 4196 1296 4273; baseline -0.001 -19"><span class='ocrx_word' id='word_1_494' title='bbox 72 4218 130 4254; x_wconf 87' lang='lat' dir='ltr'><strong>rnen</strong></span> <span class='ocrx_word' id='word_1_495' title='bbox 146 4219 206 4256; x_wconf 89' lang='lat' dir='ltr'><strong>cum</strong></span> <span class='ocrx_word' id='word_1_496' title='bbox 232 4201 265 4253; x_wconf 81' lang='lat' dir='ltr'><strong>iis</strong></span> <span class='ocrx_word' id='word_1_497' title='bbox 282 4201 458 4273; x_wconf 82' lang='lat' dir='ltr'><strong>conjunctione</strong></span> <span class='ocrx_word' id='word_1_498' title='bbox 482 4202 564 4256; x_wconf 89' lang='lat' dir='ltr'><strong>multa</strong></span> <span class='ocrx_word' id='word_1_499' title='bbox 581 4201 663 4271; x_wconf 88' lang='lat' dir='ltr'><strong>inqui·</strong></span> <span class='ocrx_word' id='word_1_500' title='bbox 696 4217 764 4255; x_wconf 79' lang='lat' dir='ltr'><strong>ner:</strong></span> <span class='ocrx_word' id='word_1_501' title='bbox 784 4199 821 4252; x_wconf 94' lang='lat' dir='ltr'><strong>ibi</strong></span> <span class='ocrx_word' id='word_1_502' title='bbox 838 4199 909 4252; x_wconf 90' lang='lat' dir='ltr'><strong>enim</strong></span> <span class='ocrx_word' id='word_1_503' title='bbox 925 4196 1136 4253; x_wconf 81' lang='lat' dir='ltr'><strong>deosintererum</strong></span> <span class='ocrx_word' id='word_1_504' title='bbox 1152 4196 1296 4273; x_wconf 76' lang='lat' dir='ltr'><strong>rignitierri</strong></span> 
     </span>
     <span class='ocr_line' id='line_1_52' title="bbox 69 4269 1296 4344; baseline 0.001 -19"><span class='ocrx_word' id='word_1_505' title='bbox 69 4282 187 4326; x_wconf 78' lang='lat' dir='ltr'><strong>numenlu</strong></span> <span class='ocrx_word' id='word_1_506' title='bbox 206 4274 371 4328; x_wconf 72' lang='lat' dir='ltr'><strong>connubunt.</strong></span> <span class='ocrx_word' id='word_1_507' title='bbox 390 4274 464 4330; x_wconf 86' lang='lat' dir='ltr'><strong>Unde</strong></span> <span class='ocrx_word' id='word_1_508' title='bbox 490 4274 586 4344; x_wconf 90' lang='lat' dir='ltr'><strong>triplioi</strong></span> <span class='ocrx_word' id='word_1_509' title='bbox 604 4289 663 4344; x_wconf 92' lang='lat' dir='ltr'><strong>pur·</strong></span> <span class='ocrx_word' id='word_1_510' title='bbox 699 4272 863 4327; x_wconf 76' lang='lat' dir='ltr'><strong>manifestum</strong></span> <span class='ocrx_word' id='word_1_511' title='bbox 883 4277 932 4325; x_wconf 87' lang='lat' dir='ltr'><strong>est.</strong></span> <span class='ocrx_word' id='word_1_512' title='bbox 950 4269 1062 4340; x_wconf 87' lang='lat' dir='ltr'><strong>Utroque</strong></span> <span class='ocrx_word' id='word_1_513' title='bbox 1087 4270 1223 4341; x_wconf 79' lang='lat' dir='ltr'><strong>explicatio</strong></span> <span class='ocrx_word' id='word_1_514' title='bbox 1238 4287 1296 4326; x_wconf 83' lang='lat' dir='ltr'><strong>eun-</strong></span> 
     </span>
     <span class='ocr_line' id='line_1_53' title="bbox 69 4341 1296 4417; baseline -0.001 -22"><span class='ocrx_word' id='word_1_515' title='bbox 69 4347 173 4414; x_wconf 77' lang='lat' dir='ltr'><strong>grtieue</strong></span> <span class='ocrx_word' id='word_1_516' title='bbox 190 4347 343 4416; x_wconf 75' lang='lat' dir='ltr'><strong>expiantur:</strong></span> <span class='ocrx_word' id='word_1_517' title='bbox 362 4347 448 4417; x_wconf 70' lang='lat' dir='ltr'><strong>lpse,</strong></span> <span class='ocrx_word' id='word_1_518' title='bbox 466 4346 563 4414; x_wconf 62' lang='lat' dir='ltr'><strong>ventri,</strong></span> <span class='ocrx_word' id='word_1_519' title='bbox 576 4345 664 4415; x_wconf 80' lang='lat' dir='ltr'><strong>idest,</strong></span> <span class='ocrx_word' id='word_1_520' title='bbox 699 4344 830 4400; x_wconf 82' lang='lat' dir='ltr'><strong>eiliebitur</strong></span> <span class='ocrx_word' id='word_1_521' title='bbox 856 4342 950 4407; x_wconf 56' lang='lat' dir='ltr'><strong>sonitu</strong></span> <span class='ocrx_word' id='word_1_522' title='bbox 981 4343 1003 4395; x_wconf 82' lang='lat' dir='ltr'><strong>si</strong></span> <span class='ocrx_word' id='word_1_523' title='bbox 1021 4342 1145 4397; x_wconf 76' lang='lat' dir='ltr'><strong>Platonici</strong></span> <span class='ocrx_word' id='word_1_524' title='bbox 1169 4341 1242 4417; x_wconf 75' lang='lat' dir='ltr'><strong>genii</strong></span> <span class='ocrx_word' id='word_1_525' title='bbox 1259 4342 1296 4397; x_wconf 70' lang='lat' dir='ltr'><strong>dt</strong></span> 
     </span>
     <span class='ocr_line' id='line_1_54' title="bbox 68 4414 1297 4490; baseline 0 -20"><span class='ocrx_word' id='word_1_526' title='bbox 68 4420 151 4485; x_wconf 80' lang='lat' dir='ltr'><strong>ui&#39;re,</strong></span> <span class='ocrx_word' id='word_1_527' title='bbox 170 4424 195 4471; x_wconf 83' lang='lat' dir='ltr'><strong>et</strong></span> <span class='ocrx_word' id='word_1_528' title='bbox 208 4420 313 4490; x_wconf 73' lang='lat' dir='ltr'><strong>perpete</strong></span> <span class='ocrx_word' id='word_1_529' title='bbox 329 4429 405 4474; x_wconf 81' lang='lat' dir='ltr'><strong>vorle</strong></span> <span class='ocrx_word' id='word_1_530' title='bbox 417 4456 428 4486; x_wconf 89' lang='lat'><em>,</em></span> <span class='ocrx_word' id='word_1_531' title='bbox 454 4418 483 4472; x_wconf 90' lang='lat' dir='ltr'><strong>id</strong></span> <span class='ocrx_word' id='word_1_532' title='bbox 499 4425 560 4485; x_wconf 85' lang='lat' dir='ltr'><strong>ert,</strong></span> <span class='ocrx_word' id='word_1_533' title='bbox 577 4417 662 4490; x_wconf 80' lang='lat' dir='ltr'><strong>epro&#39;r.</strong></span> <span class='ocrx_word' id='word_1_534' title='bbox 700 4423 816 4486; x_wconf 77' lang='lat' dir='ltr'><strong>mulur,</strong></span> <span class='ocrx_word' id='word_1_535' title='bbox 845 4414 982 4486; x_wconf 85' lang='lat' dir='ltr'><strong>utriusque</strong></span> <span class='ocrx_word' id='word_1_536' title='bbox 1007 4416 1095 4470; x_wconf 91' lang='lat' dir='ltr'><strong>mundi</strong></span> <span class='ocrx_word' id='word_1_537' title='bbox 1116 4415 1212 4482; x_wconf 80' lang='lat' dir='ltr'><strong>babere</strong></span> <span class='ocrx_word' id='word_1_538' title='bbox 1229 4432 1297 4470; x_wconf 81' lang='lat' dir='ltr'><strong>enm·</strong></span> 
     </span>
     <span class='ocr_line' id='line_1_55' title="bbox 69 4487 1296 4567; baseline 0.002 -24"><span class='ocrx_word' id='word_1_539' title='bbox 69 4487 139 4544; x_wconf 80' lang='lat' dir='ltr'><strong>urse</strong></span> <span class='ocrx_word' id='word_1_540' title='bbox 158 4496 245 4548; x_wconf 55' lang='lat' dir='ltr'><strong>uuum</strong></span> <span class='ocrx_word' id='word_1_541' title='bbox 260 4493 313 4546; x_wconf 77' lang='lat' dir='ltr'><strong>triu</strong></span> <span class='ocrx_word' id='word_1_542' title='bbox 331 4491 359 4546; x_wconf 90' lang='lat' dir='ltr'><strong>in</strong></span> <span class='ocrx_word' id='word_1_543' title='bbox 375 4491 458 4547; x_wconf 74' lang='lat' dir='ltr'><strong>turris</strong></span> <span class='ocrx_word' id='word_1_544' title='bbox 474 4489 668 4567; x_wconf 75' lang='lat' dir='ltr'><strong>usurpnluur</strong></span> <span class='ocrx_word' id='word_1_545' title='bbox 701 4490 847 4562; x_wconf 75' lang='lat' dir='ltr'><strong>muium,</strong></span> <span class='ocrx_word' id='word_1_546' title='bbox 864 4488 975 4562; x_wconf 70' lang='lat' dir='ltr'><strong>melita</strong></span> <span class='ocrx_word' id='word_1_547' title='bbox 991 4487 1156 4547; x_wconf 73' lang='lat' dir='ltr'><strong>Mercurius:</strong></span> <span class='ocrx_word' id='word_1_548' title='bbox 1175 4495 1201 4547; x_wconf 75' lang='lat' dir='ltr'><strong>rt</strong></span> <span class='ocrx_word' id='word_1_549' title='bbox 1221 4502 1296 4561; x_wconf 71' lang='lat' dir='ltr'><strong>nupt·</strong></span> 
     </span>
    </p>
   </div>
   <div class='ocr_carea' id='block_1_9' title="bbox 0 0 1447 5234">
    <p class='ocr_par' dir='ltr' id='par_1_12' title="bbox 0 0 1447 5234">
     <span class='ocr_line' id='line_1_56' title="bbox 0 0 1447 5234; baseline 0 0"><span class='ocrx_word' id='word_1_550' title='bbox 0 0 1447 5234; x_wconf 95' lang='lat' dir='ltr'><strong> </strong></span> 
     </span>
    </p>
   </div>
  </div>
 </body>
</html>
