<?xml version="1.0" encoding="UTF-8"?>
<!DOCTYPE html PUBLIC "-//W3C//DTD XHTML 1.0 Transitional//EN"
    "http://www.w3.org/TR/xhtml1/DTD/xhtml1-transitional.dtd">
<html xmlns="http://www.w3.org/1999/xhtml" xml:lang="en" lang="en">
 <head>
  <title>
</title>
<meta http-equiv="Content-Type" content="text/html;charset=utf-8" />
  <meta name='ocr-system' content='tesseract 3.04.00' />
  <meta name='ocr-capabilities' content='ocr_page ocr_carea ocr_par ocr_line ocrx_word'/>
</head>
<body>
  <div class='ocr_page' id='page_1' title='image "./pvirgiliimaroni04virggoog/pvirgiliimaroni04virggoog_0013.png"; bbox 0 0 2866 5234; ppageno 0'>
   <div class='ocr_carea' id='block_1_1' title="bbox 251 282 1252 500">
    <p class='ocr_par' dir='ltr' id='par_1_1' title="bbox 251 282 1252 500">
     <span class='ocr_line' id='line_1_1' title="bbox 251 282 1049 418; baseline -0.01 -11"><span class='ocrx_word' id='word_1_1' title='bbox 251 357 313 408; x_wconf 72' lang='lat' dir='ltr'><strong>vra</strong></span> <span class='ocrx_word' id='word_1_2' title='bbox 616 336 654 400; x_wconf 82' lang='lat' dir='ltr'><strong>n.</strong></span> <span class='ocrx_word' id='word_1_3' title='bbox 676 282 1049 418; x_wconf 68' lang='lat' dir='ltr'><strong>rracnnuuaonrs</strong></span> 
     </span>
     <span class='ocr_line' id='line_1_2' title="bbox 291 414 1252 500; baseline -0.006 -13"><span class='ocrx_word' id='word_1_4' title='bbox 291 417 449 500; x_wconf 72' lang='lat' dir='ltr'><strong>Georgica,</strong></span> <span class='ocrx_word' id='word_1_5' title='bbox 464 440 586 486; x_wconf 84' lang='lat' dir='ltr'><strong>reverso</strong></span> <span class='ocrx_word' id='word_1_6' title='bbox 606 422 644 482; x_wconf 88' lang='lat' dir='ltr'><strong>ab</strong></span> <span class='ocrx_word' id='word_1_7' title='bbox 664 418 788 482; x_wconf 76' lang='lat' dir='ltr'><strong>Actiaca</strong></span> <span class='ocrx_word' id='word_1_8' title='bbox 807 420 930 482; x_wconf 79' lang='lat' dir='ltr'><strong>victoria</strong></span> <span class='ocrx_word' id='word_1_9' title='bbox 951 414 1097 495; x_wconf 78' lang='lat' dir='ltr'><strong>angusto,</strong></span> <span class='ocrx_word' id='word_1_10' title='bbox 1117 419 1147 478; x_wconf 88' lang='lat' dir='ltr'><strong>at</strong></span> <span class='ocrx_word' id='word_1_11' title='bbox 1190 430 1252 481; x_wconf 85' lang='lat' dir='ltr'><strong>ert</strong></span> 
     </span>
    </p>
   </div>
   <div class='ocr_carea' id='block_1_2' title="bbox 205 498 1252 1149">
    <p class='ocr_par' dir='ltr' id='par_1_2' title="bbox 205 498 1252 1149">
     <span class='ocr_line' id='line_1_3' title="bbox 207 498 1252 580; baseline -0.002 -17"><span class='ocrx_word' id='word_1_12' title='bbox 207 506 316 568; x_wconf 81' lang='lat' dir='ltr'><strong>sirlmn</strong></span> <span class='ocrx_word' id='word_1_13' title='bbox 337 521 428 571; x_wconf 84' lang='lat' dir='ltr'><strong>eausa</strong></span> <span class='ocrx_word' id='word_1_14' title='bbox 448 504 565 567; x_wconf 77' lang='lat' dir='ltr'><strong>Atellae</strong></span> <span class='ocrx_word' id='word_1_15' title='bbox 584 503 790 572; x_wconf 87' lang='lat' dir='ltr'><strong>commoranti,</strong></span> <span class='ocrx_word' id='word_1_16' title='bbox 804 518 858 580; x_wconf 93' lang='lat' dir='ltr'><strong>per</strong></span> <span class='ocrx_word' id='word_1_17' title='bbox 871 499 1044 564; x_wconf 87' lang='lat' dir='ltr'><strong>continuum</strong></span> <span class='ocrx_word' id='word_1_18' title='bbox 1057 498 1153 578; x_wconf 87' lang='lat' dir='ltr'><strong>quatri</strong></span> <span class='ocrx_word' id='word_1_19' title='bbox 1177 512 1252 561; x_wconf 75' lang='lat' dir='ltr'><strong>uun</strong></span> 
     </span>
     <span class='ocr_line' id='line_1_4' title="bbox 205 579 1242 665; baseline -0.004 -20"><span class='ocrx_word' id='word_1_20' title='bbox 205 587 306 665; x_wconf 85' lang='lat' dir='ltr'><strong>plenta</strong></span> <span class='ocrx_word' id='word_1_21' title='bbox 326 580 499 647; x_wconf 81' lang='lat' dir='ltr'><strong>Maecenate</strong></span> <span class='ocrx_word' id='word_1_22' title='bbox 520 584 633 663; x_wconf 80' lang='lat' dir='ltr'><strong>legendi</strong></span> <span class='ocrx_word' id='word_1_23' title='bbox 653 585 762 653; x_wconf 86' lang='lat' dir='ltr'><strong>ricem,</strong></span> <span class='ocrx_word' id='word_1_24' title='bbox 776 583 893 660; x_wconf 88' lang='lat' dir='ltr'><strong>quoties</strong></span> <span class='ocrx_word' id='word_1_25' title='bbox 913 579 1155 657; x_wconf 76' lang='lat' dir='ltr'><strong>interpellaretur</strong></span> <span class='ocrx_word' id='word_1_26' title='bbox 1178 579 1242 656; x_wconf 79' lang='lat' dir='ltr'><strong>ipse</strong></span> 
     </span>
     <span class='ocr_line' id='line_1_5' title="bbox 205 658 1252 729; baseline -0.005 -4"><span class='ocrx_word' id='word_1_27' title='bbox 205 668 302 729; x_wconf 82' lang='lat' dir='ltr'><strong>sione.</strong></span> <span class='ocrx_word' id='word_1_28' title='bbox 325 665 538 728; x_wconf 73' lang='lat' dir='ltr'><strong>pronuntiabat</strong></span> <span class='ocrx_word' id='word_1_29' title='bbox 558 670 659 726; x_wconf 84' lang='lat' dir='ltr'><strong>sutem</strong></span> <span class='ocrx_word' id='word_1_30' title='bbox 680 665 899 725; x_wconf 78' lang='lat' dir='ltr'><strong>maximarum</strong></span> <span class='ocrx_word' id='word_1_31' title='bbox 919 665 1075 729; x_wconf 81' lang='lat' dir='ltr'><strong>suavitate,</strong></span> <span class='ocrx_word' id='word_1_32' title='bbox 1087 664 1119 721; x_wconf 91' lang='lat' dir='ltr'><strong>et</strong></span> <span class='ocrx_word' id='word_1_33' title='bbox 1132 658 1252 721; x_wconf 84' lang='lat' dir='ltr'><strong>lenoeiru&#39;</strong></span> 
     </span>
     <span class='ocr_line' id='line_1_6' title="bbox 208 740 1252 824; baseline -0.003 -20"><span class='ocrx_word' id='word_1_34' title='bbox 208 763 282 807; x_wconf 85' lang='lat' dir='ltr'><strong>neea</strong></span> <span class='ocrx_word' id='word_1_35' title='bbox 302 748 432 818; x_wconf 75' lang='lat' dir='ltr'><strong>tradidit,</strong></span> <span class='ocrx_word' id='word_1_36' title='bbox 453 747 565 810; x_wconf 79' lang='lat' dir='ltr'><strong>lulium</strong></span> <span class='ocrx_word' id='word_1_37' title='bbox 587 743 761 805; x_wconf 84' lang='lat' dir='ltr'><strong>Montanum</strong></span> <span class='ocrx_word' id='word_1_38' title='bbox 781 749 898 824; x_wconf 89' lang='lat' dir='ltr'><strong>poetam</strong></span> <span class='ocrx_word' id='word_1_39' title='bbox 920 743 1039 803; x_wconf 88' lang='lat' dir='ltr'><strong>solitum</strong></span> <span class='ocrx_word' id='word_1_40' title='bbox 1059 742 1177 810; x_wconf 87' lang='lat' dir='ltr'><strong>dicere,</strong></span> <span class='ocrx_word' id='word_1_41' title='bbox 1198 740 1252 801; x_wconf 79' lang='lat' dir='ltr'><strong>iun</strong></span> 
     </span>
     <span class='ocr_line' id='line_1_7' title="bbox 208 818 1252 905; baseline -0.004 -18"><span class='ocrx_word' id='word_1_42' title='bbox 208 827 357 904; x_wconf 87' lang='lat' dir='ltr'><strong>quaedam</strong></span> <span class='ocrx_word' id='word_1_43' title='bbox 371 826 504 905; x_wconf 81' lang='lat' dir='ltr'><strong>Virgilio,</strong></span> <span class='ocrx_word' id='word_1_44' title='bbox 518 830 543 889; x_wconf 87' lang='lat' dir='ltr'><strong>si</strong></span> <span class='ocrx_word' id='word_1_45' title='bbox 557 842 661 888; x_wconf 87' lang='lat' dir='ltr'><strong>rocem</strong></span> <span class='ocrx_word' id='word_1_46' title='bbox 675 828 789 903; x_wconf 89' lang='lat' dir='ltr'><strong>posset,</strong></span> <span class='ocrx_word' id='word_1_47' title='bbox 803 830 837 886; x_wconf 91' lang='lat' dir='ltr'><strong>et</strong></span> <span class='ocrx_word' id='word_1_48' title='bbox 848 843 895 895; x_wconf 89' lang='lat' dir='ltr'><strong>os,</strong></span> <span class='ocrx_word' id='word_1_49' title='bbox 909 829 940 884; x_wconf 88' lang='lat' dir='ltr'><strong>et</strong></span> <span class='ocrx_word' id='word_1_50' title='bbox 954 822 1146 903; x_wconf 77' lang='lat' dir='ltr'><strong>by&#39;poorisim:</strong></span> <span class='ocrx_word' id='word_1_51' title='bbox 1157 818 1252 883; x_wconf 64' lang='lat' dir='ltr'><strong>eom</strong></span> 
     </span>
     <span class='ocr_line' id='line_1_8' title="bbox 209 900 1252 984; baseline -0.006 -15"><span class='ocrx_word' id='word_1_52' title='bbox 209 924 273 979; x_wconf 89' lang='lat' dir='ltr'><strong>sus,</strong></span> <span class='ocrx_word' id='word_1_53' title='bbox 288 925 325 970; x_wconf 90' lang='lat' dir='ltr'><strong>eo</strong></span> <span class='ocrx_word' id='word_1_54' title='bbox 346 911 567 984; x_wconf 72' lang='lat' dir='ltr'><strong>pronunciante,</strong></span> <span class='ocrx_word' id='word_1_55' title='bbox 584 908 659 967; x_wconf 92' lang='lat' dir='ltr'><strong>beno</strong></span> <span class='ocrx_word' id='word_1_56' title='bbox 678 921 794 979; x_wconf 70' lang='lat' dir='ltr'><strong>sonare</strong></span> <span class='ocrx_word' id='word_1_57' title='bbox 808 906 872 967; x_wconf 88' lang='lat' dir='ltr'><strong>sine</strong></span> <span class='ocrx_word' id='word_1_58' title='bbox 884 903 934 965; x_wconf 89' lang='lat' dir='ltr'><strong>illo</strong></span> <span class='ocrx_word' id='word_1_59' title='bbox 949 906 1129 974; x_wconf 84' lang='lat' dir='ltr'><strong>inarescere,</strong></span> <span class='ocrx_word' id='word_1_60' title='bbox 1140 900 1252 982; x_wconf 84' lang='lat' dir='ltr'><strong>quasit</strong></span> 
     </span>
     <span class='ocr_line' id='line_1_9' title="bbox 210 982 1252 1070; baseline -0.004 -22"><span class='ocrx_word' id='word_1_61' title='bbox 210 988 265 1049; x_wconf 92' lang='lat' dir='ltr'><strong>dos</strong></span> <span class='ocrx_word' id='word_1_62' title='bbox 286 989 408 1050; x_wconf 79' lang='lat' dir='ltr'><strong>vixdum</strong></span> <span class='ocrx_word' id='word_1_63' title='bbox 426 994 550 1070; x_wconf 79' lang='lat' dir='ltr'><strong>coeptae</strong></span> <span class='ocrx_word' id='word_1_64' title='bbox 570 992 652 1049; x_wconf 88' lang='lat' dir='ltr'><strong>tanta</strong></span> <span class='ocrx_word' id='word_1_65' title='bbox 672 989 769 1049; x_wconf 86' lang='lat' dir='ltr'><strong>extitit</strong></span> <span class='ocrx_word' id='word_1_66' title='bbox 787 985 877 1056; x_wconf 85' lang='lat' dir='ltr'><strong>lama,</strong></span> <span class='ocrx_word' id='word_1_67' title='bbox 893 989 928 1047; x_wconf 86' lang='lat' dir='ltr'><strong>ut</strong></span> <span class='ocrx_word' id='word_1_68' title='bbox 946 982 1026 1046; x_wconf 86' lang='lat' dir='ltr'><strong>Sext.</strong></span> <span class='ocrx_word' id='word_1_69' title='bbox 1043 982 1252 1064; x_wconf 69' lang='lat' dir='ltr'><strong>Propertium</strong></span> 
     </span>
     <span class='ocr_line' id='line_1_10' title="bbox 209 1069 466 1149; baseline -0.008 -18"><span class='ocrx_word' id='word_1_70' title='bbox 209 1069 253 1131; x_wconf 82' lang='lat' dir='ltr'><strong>eie</strong></span> <span class='ocrx_word' id='word_1_71' title='bbox 273 1069 466 1149; x_wconf 88' lang='lat' dir='ltr'><strong>praedicare:</strong></span> 
     </span>
    </p>
   </div>
   <div class='ocr_carea' id='block_1_3' title="bbox 378 1224 1048 1392">
    <p class='ocr_par' dir='ltr' id='par_1_3' title="bbox 378 1224 1048 1392">
     <span class='ocr_line' id='line_1_11' title="bbox 378 1224 1048 1310; baseline -0.013 -14"><span class='ocrx_word' id='word_1_72' title='bbox 378 1231 479 1296; x_wconf 82' lang='lat' dir='ltr'><strong>Cedits</strong></span> <span class='ocrx_word' id='word_1_73' title='bbox 497 1231 627 1295; x_wconf 71' lang='lat' dir='ltr'><strong>nomme</strong></span> <span class='ocrx_word' id='word_1_74' title='bbox 647 1232 812 1310; x_wconf 47' lang='lat' dir='ltr'><strong>certatores,</strong></span> <span class='ocrx_word' id='word_1_75' title='bbox 824 1229 915 1293; x_wconf 80' lang='lat' dir='ltr'><strong>cedite</strong></span> <span class='ocrx_word' id='word_1_76' title='bbox 937 1224 1048 1293; x_wconf 60' lang='lat' dir='ltr'><strong>matt:</strong></span> 
     </span>
     <span class='ocr_line' id='line_1_12' title="bbox 455 1310 1040 1392; baseline -0.014 -15"><span class='ocrx_word' id='word_1_77' title='bbox 455 1311 560 1377; x_wconf 77' lang='lat' dir='ltr'><strong>Nescio</strong></span> <span class='ocrx_word' id='word_1_78' title='bbox 579 1314 652 1392; x_wconf 80' lang='lat' dir='ltr'><strong>quid</strong></span> <span class='ocrx_word' id='word_1_79' title='bbox 670 1311 766 1390; x_wconf 77' lang='lat' dir='ltr'><strong>major</strong></span> <span class='ocrx_word' id='word_1_80' title='bbox 786 1310 1040 1374; x_wconf 68' lang='lat' dir='ltr'><strong>meretriceo.</strong></span> 
     </span>
    </p>
   </div>
   <div class='ocr_carea' id='block_1_4' title="bbox 207 1474 1255 3978">
    <p class='ocr_par' dir='ltr' id='par_1_4' title="bbox 207 1474 1254 2690">
     <span class='ocr_line' id='line_1_13' title="bbox 318 1474 1238 1560; baseline 0.005 -24"><span class='ocrx_word' id='word_1_81' title='bbox 318 1479 469 1557; x_wconf 77' lang='lat' dir='ltr'><strong>Augustus</strong></span> <span class='ocrx_word' id='word_1_82' title='bbox 490 1495 574 1545; x_wconf 82' lang='lat' dir='ltr'><strong>vero,</strong></span> <span class='ocrx_word' id='word_1_83' title='bbox 595 1494 664 1540; x_wconf 91' lang='lat' dir='ltr'><strong>eum</strong></span> <span class='ocrx_word' id='word_1_84' title='bbox 681 1478 743 1560; x_wconf 74' lang='lat' dir='ltr'><strong>iam</strong></span> <span class='ocrx_word' id='word_1_85' title='bbox 763 1477 841 1543; x_wconf 88' lang='lat' dir='ltr'><strong>iorte</strong></span> <span class='ocrx_word' id='word_1_86' title='bbox 860 1478 1043 1558; x_wconf 84' lang='lat' dir='ltr'><strong>expeditione</strong></span> <span class='ocrx_word' id='word_1_87' title='bbox 1063 1474 1238 1541; x_wconf 84' lang='lat' dir='ltr'><strong>Cantabrica</strong></span> 
     </span>
     <span class='ocr_line' id='line_1_14' title="bbox 213 1558 1251 1699; baseline -0.002 -78"><span class='ocrx_word' id='word_1_88' title='bbox 213 1558 409 1699; x_wconf 58' lang='lat' dir='ltr'><strong>supplicibus,</strong></span> <span class='ocrx_word' id='word_1_89' title='bbox 422 1564 510 1638; x_wconf 84' lang='lat' dir='ltr'><strong>atquo</strong></span> <span class='ocrx_word' id='word_1_90' title='bbox 531 1561 695 1632; x_wconf 78' lang='lat' dir='ltr'><strong>minacibus</strong></span> <span class='ocrx_word' id='word_1_91' title='bbox 714 1578 768 1641; x_wconf 90' lang='lat' dir='ltr'><strong>per</strong></span> <span class='ocrx_word' id='word_1_92' title='bbox 782 1560 886 1638; x_wconf 82' lang='lat' dir='ltr'><strong>jocum</strong></span> <span class='ocrx_word' id='word_1_93' title='bbox 906 1561 999 1622; x_wconf 85' lang='lat' dir='ltr'><strong>litoris</strong></span> <span class='ocrx_word' id='word_1_94' title='bbox 1014 1559 1200 1636; x_wconf 76' lang='lat' dir='ltr'><strong>efflagitaret,</strong></span> <span class='ocrx_word' id='word_1_95' title='bbox 1217 1564 1251 1620; x_wconf 93' lang='lat' dir='ltr'><strong>ut</strong></span> 
     </span>
     <span class='ocr_line' id='line_1_15' title="bbox 212 1640 1253 1725; baseline -0.001 -24"><span class='ocrx_word' id='word_1_96' title='bbox 212 1642 261 1701; x_wconf 88' lang='lat' dir='ltr'><strong>nei</strong></span> <span class='ocrx_word' id='word_1_97' title='bbox 282 1659 311 1703; x_wconf 90' lang='lat' dir='ltr'><strong>e,</strong></span> <span class='ocrx_word' id='word_1_98' title='bbox 326 1645 361 1701; x_wconf 92' lang='lat' dir='ltr'><strong>ut</strong></span> <span class='ocrx_word' id='word_1_99' title='bbox 379 1642 472 1719; x_wconf 88' lang='lat' dir='ltr'><strong>ipsius</strong></span> <span class='ocrx_word' id='word_1_100' title='bbox 493 1641 584 1703; x_wconf 87' lang='lat' dir='ltr'><strong>verba</strong></span> <span class='ocrx_word' id='word_1_101' title='bbox 605 1647 685 1716; x_wconf 83' lang='lat' dir='ltr'><strong>eunt,</strong></span> <span class='ocrx_word' id='word_1_102' title='bbox 701 1642 750 1704; x_wconf 86' lang='lat' dir='ltr'><strong>vel</strong></span> <span class='ocrx_word' id='word_1_103' title='bbox 770 1644 865 1721; x_wconf 87' lang='lat' dir='ltr'><strong>prims</strong></span> <span class='ocrx_word' id='word_1_104' title='bbox 885 1643 1027 1704; x_wconf 85' lang='lat' dir='ltr'><strong>carminis</strong></span> <span class='ocrx_word' id='word_1_105' title='bbox 1046 1640 1253 1725; x_wconf 72' lang='lat' dir='ltr'><strong>hypograpba.</strong></span> 
     </span>
     <span class='ocr_line' id='line_1_16' title="bbox 211 1719 1245 1802; baseline 0 -23"><span class='ocrx_word' id='word_1_106' title='bbox 211 1721 264 1780; x_wconf 88' lang='lat' dir='ltr'><strong>bet</strong></span> <span class='ocrx_word' id='word_1_107' title='bbox 283 1722 367 1782; x_wconf 88' lang='lat' dir='ltr'><strong>coion</strong></span> <span class='ocrx_word' id='word_1_108' title='bbox 390 1725 531 1783; x_wconf 88' lang='lat' dir='ltr'><strong>mitteret:</strong></span> <span class='ocrx_word' id='word_1_109' title='bbox 548 1726 667 1802; x_wconf 83' lang='lat' dir='ltr'><strong>negavit</strong></span> <span class='ocrx_word' id='word_1_110' title='bbox 686 1742 720 1786; x_wconf 91' lang='lat' dir='ltr'><strong>se</strong></span> <span class='ocrx_word' id='word_1_111' title='bbox 740 1723 886 1786; x_wconf 88' lang='lat' dir='ltr'><strong>lucturum</strong></span> <span class='ocrx_word' id='word_1_112' title='bbox 910 1721 1063 1800; x_wconf 84' lang='lat' dir='ltr'><strong>Virgilius.</strong></span> <span class='ocrx_word' id='word_1_113' title='bbox 1077 1719 1131 1782; x_wconf 83' lang='lat' dir='ltr'><strong>Cui</strong></span> <span class='ocrx_word' id='word_1_114' title='bbox 1147 1727 1245 1780; x_wconf 88' lang='lat' dir='ltr'><strong>tamen</strong></span> 
     </span>
     <span class='ocr_line' id='line_1_17' title="bbox 210 1801 1253 1880; baseline 0 -18"><span class='ocrx_word' id='word_1_115' title='bbox 210 1801 341 1880; x_wconf 83' lang='lat' dir='ltr'><strong>perlecta</strong></span> <span class='ocrx_word' id='word_1_116' title='bbox 362 1804 487 1869; x_wconf 89' lang='lat' dir='ltr'><strong>demum</strong></span> <span class='ocrx_word' id='word_1_117' title='bbox 498 1806 635 1878; x_wconf 86' lang='lat' dir='ltr'><strong>materia,</strong></span> <span class='ocrx_word' id='word_1_118' title='bbox 649 1809 711 1867; x_wconf 86' lang='lat' dir='ltr'><strong>tres</strong></span> <span class='ocrx_word' id='word_1_119' title='bbox 724 1808 845 1866; x_wconf 92' lang='lat' dir='ltr'><strong>omnino</strong></span> <span class='ocrx_word' id='word_1_120' title='bbox 855 1803 945 1867; x_wconf 85' lang='lat' dir='ltr'><strong>libros</strong></span> <span class='ocrx_word' id='word_1_121' title='bbox 959 1804 1106 1865; x_wconf 86' lang='lat' dir='ltr'><strong>recitavit:</strong></span> <span class='ocrx_word' id='word_1_122' title='bbox 1127 1803 1253 1863; x_wconf 86' lang='lat' dir='ltr'><strong>seeundu</strong></span> 
     </span>
     <span class='ocr_line' id='line_1_18' title="bbox 210 1883 1239 1962; baseline 0.001 -19"><span class='ocrx_word' id='word_1_123' title='bbox 210 1887 363 1959; x_wconf 83' lang='lat' dir='ltr'><strong>quartum,</strong></span> <span class='ocrx_word' id='word_1_124' title='bbox 378 1890 408 1945; x_wconf 93' lang='lat' dir='ltr'><strong>ot</strong></span> <span class='ocrx_word' id='word_1_125' title='bbox 428 1891 557 1946; x_wconf 85' lang='lat' dir='ltr'><strong>sextum.</strong></span> <span class='ocrx_word' id='word_1_126' title='bbox 573 1883 633 1945; x_wconf 88' lang='lat' dir='ltr'><strong>Sed</strong></span> <span class='ocrx_word' id='word_1_127' title='bbox 647 1885 728 1946; x_wconf 89' lang='lat' dir='ltr'><strong>hune</strong></span> <span class='ocrx_word' id='word_1_128' title='bbox 746 1886 904 1962; x_wconf 89' lang='lat' dir='ltr'><strong>praecipue</strong></span> <span class='ocrx_word' id='word_1_129' title='bbox 925 1885 964 1945; x_wconf 94' lang='lat' dir='ltr'><strong>ob</strong></span> <span class='ocrx_word' id='word_1_130' title='bbox 984 1883 1150 1945; x_wconf 81' lang='lat' dir='ltr'><strong>Octaviam:</strong></span> <span class='ocrx_word' id='word_1_131' title='bbox 1163 1901 1239 1959; x_wconf 90' lang='lat' dir='ltr'><strong>quae</strong></span> 
     </span>
     <span class='ocr_line' id='line_1_19' title="bbox 209 1963 1253 2032; baseline 0.003 -11"><span class='ocrx_word' id='word_1_132' title='bbox 209 1966 280 2024; x_wconf 87' lang='lat' dir='ltr'><strong>tioni</strong></span> <span class='ocrx_word' id='word_1_133' title='bbox 302 1966 480 2032; x_wconf 87' lang='lat' dir='ltr'><strong>interesset,</strong></span> <span class='ocrx_word' id='word_1_134' title='bbox 494 1963 532 2023; x_wconf 87' lang='lat' dir='ltr'><strong>ad</strong></span> <span class='ocrx_word' id='word_1_135' title='bbox 552 1963 618 2025; x_wconf 86' lang='lat' dir='ltr'><strong>illos</strong></span> <span class='ocrx_word' id='word_1_136' title='bbox 639 1963 757 2026; x_wconf 82' lang='lat' dir='ltr'><strong>duillio</strong></span> <span class='ocrx_word' id='word_1_137' title='bbox 778 1980 831 2023; x_wconf 89' lang='lat' dir='ltr'><strong>suo</strong></span> <span class='ocrx_word' id='word_1_138' title='bbox 852 1981 967 2026; x_wconf 84' lang='lat' dir='ltr'><strong>versus,</strong></span> <span class='ocrx_word' id='word_1_139' title='bbox 989 1973 1022 2022; x_wconf 88' lang='lat' dir='ltr'><strong>tu</strong></span> <span class='ocrx_word' id='word_1_140' title='bbox 1042 1963 1202 2025; x_wconf 74' lang='lat' dir='ltr'><strong>Marcellus</strong></span> <span class='ocrx_word' id='word_1_141' title='bbox 1222 1982 1253 2024; x_wconf 81' lang='lat' dir='ltr'><strong>rr</strong></span> 
     </span>
     <span class='ocr_line' id='line_1_20' title="bbox 210 2039 1254 2120; baseline 0.002 -18"><span class='ocrx_word' id='word_1_142' title='bbox 210 2045 320 2103; x_wconf 85' lang='lat' dir='ltr'><strong>lertur:</strong></span> <span class='ocrx_word' id='word_1_143' title='bbox 337 2050 426 2118; x_wconf 90' lang='lat' dir='ltr'><strong>atque</strong></span> <span class='ocrx_word' id='word_1_144' title='bbox 445 2058 535 2118; x_wconf 85' lang='lat' dir='ltr'><strong>aegre</strong></span> <span class='ocrx_word' id='word_1_145' title='bbox 556 2041 716 2106; x_wconf 87' lang='lat' dir='ltr'><strong>reloeillata</strong></span> <span class='ocrx_word' id='word_1_146' title='bbox 731 2086 740 2110; x_wconf 96' lang='lat'><strong>,</strong></span> <span class='ocrx_word' id='word_1_147' title='bbox 755 2039 830 2103; x_wconf 85' lang='lat' dir='ltr'><strong>dena</strong></span> <span class='ocrx_word' id='word_1_148' title='bbox 849 2044 985 2103; x_wconf 86' lang='lat' dir='ltr'><strong>sestertia</strong></span> <span class='ocrx_word' id='word_1_149' title='bbox 1006 2060 1062 2120; x_wconf 94' lang='lat' dir='ltr'><strong>pro</strong></span> <span class='ocrx_word' id='word_1_150' title='bbox 1081 2043 1198 2120; x_wconf 83' lang='lat' dir='ltr'><strong>singulo</strong></span> <span class='ocrx_word' id='word_1_151' title='bbox 1220 2062 1254 2104; x_wconf 84' lang='lat' dir='ltr'><strong>vu</strong></span> 
     </span>
     <span class='ocr_line' id='line_1_21' title="bbox 207 2121 1254 2203; baseline 0.004 -22"><span class='ocrx_word' id='word_1_152' title='bbox 207 2125 276 2182; x_wconf 83' lang='lat' dir='ltr'><strong>‹tari</strong></span> <span class='ocrx_word' id='word_1_153' title='bbox 295 2121 394 2199; x_wconf 85' lang='lat' dir='ltr'><strong>jussit.</strong></span> <span class='ocrx_word' id='word_1_154' title='bbox 418 2122 563 2184; x_wconf 80' lang='lat' dir='ltr'><strong>Recitavit</strong></span> <span class='ocrx_word' id='word_1_155' title='bbox 581 2128 611 2183; x_wconf 91' lang='lat' dir='ltr'><strong>et</strong></span> <span class='ocrx_word' id='word_1_156' title='bbox 632 2121 777 2203; x_wconf 87' lang='lat' dir='ltr'><strong>pluribus:</strong></span> <span class='ocrx_word' id='word_1_157' title='bbox 792 2121 847 2185; x_wconf 88' lang='lat' dir='ltr'><strong>sed</strong></span> <span class='ocrx_word' id='word_1_158' title='bbox 868 2139 966 2200; x_wconf 90' lang='lat' dir='ltr'><strong>neque</strong></span> <span class='ocrx_word' id='word_1_159' title='bbox 985 2122 1165 2198; x_wconf 77' lang='lat' dir='ltr'><strong>frequenter,</strong></span> <span class='ocrx_word' id='word_1_160' title='bbox 1180 2129 1211 2186; x_wconf 90' lang='lat' dir='ltr'><strong>et</strong></span> <span class='ocrx_word' id='word_1_161' title='bbox 1231 2122 1254 2189; x_wconf 79' lang='lat' dir='ltr'><strong>ir</strong></span> 
     </span>
     <span class='ocr_line' id='line_1_22' title="bbox 210 2201 1253 2284; baseline 0 -21"><span class='ocrx_word' id='word_1_162' title='bbox 210 2205 319 2282; x_wconf 83' lang='lat' dir='ltr'><strong>quibus</strong></span> <span class='ocrx_word' id='word_1_163' title='bbox 340 2203 518 2278; x_wconf 79' lang='lat' dir='ltr'><strong>ambigebat,</strong></span> <span class='ocrx_word' id='word_1_164' title='bbox 532 2220 591 2280; x_wconf 85' lang='lat' dir='ltr'><strong>quo</strong></span> <span class='ocrx_word' id='word_1_165' title='bbox 612 2206 703 2284; x_wconf 77' lang='lat' dir='ltr'><strong>magis</strong></span> <span class='ocrx_word' id='word_1_166' title='bbox 721 2201 866 2282; x_wconf 84' lang='lat' dir='ltr'><strong>judicium</strong></span> <span class='ocrx_word' id='word_1_167' title='bbox 886 2205 1042 2264; x_wconf 90' lang='lat' dir='ltr'><strong>bominum</strong></span> <span class='ocrx_word' id='word_1_168' title='bbox 1064 2209 1253 2283; x_wconf 80' lang='lat' dir='ltr'><strong>experiretur</strong></span> 
     </span>
     <span class='ocr_line' id='line_1_23' title="bbox 210 2282 1254 2365; baseline -0.002 -20"><span class='ocrx_word' id='word_1_169' title='bbox 210 2284 346 2345; x_wconf 84' lang='lat' dir='ltr'><strong>brorium</strong></span> <span class='ocrx_word' id='word_1_170' title='bbox 365 2289 396 2344; x_wconf 88' lang='lat' dir='ltr'><strong>et</strong></span> <span class='ocrx_word' id='word_1_171' title='bbox 416 2285 553 2346; x_wconf 86' lang='lat' dir='ltr'><strong>libertum</strong></span> <span class='ocrx_word' id='word_1_172' title='bbox 565 2282 641 2361; x_wconf 85' lang='lat' dir='ltr'><strong>ejus,</strong></span> <span class='ocrx_word' id='word_1_173' title='bbox 656 2292 778 2348; x_wconf 83' lang='lat' dir='ltr'><strong>exactae</strong></span> <span class='ocrx_word' id='word_1_174' title='bbox 787 2285 851 2365; x_wconf 82' lang='lat' dir='ltr'><strong>jem</strong></span> <span class='ocrx_word' id='word_1_175' title='bbox 863 2287 1034 2352; x_wconf 76' lang='lat' dir='ltr'><strong>senectutis,</strong></span> <span class='ocrx_word' id='word_1_176' title='bbox 1049 2286 1169 2348; x_wconf 89' lang='lat' dir='ltr'><strong>tradunt</strong></span> <span class='ocrx_word' id='word_1_177' title='bbox 1189 2283 1254 2347; x_wconf 83' lang='lat' dir='ltr'><strong>roiei</strong></span> 
     </span>
     <span class='ocr_line' id='line_1_24' title="bbox 210 2365 1248 2444; baseline 0 -20"><span class='ocrx_word' id='word_1_178' title='bbox 210 2365 362 2442; x_wconf 80' lang='lat' dir='ltr'><strong>qrrondam</strong></span> <span class='ocrx_word' id='word_1_179' title='bbox 384 2366 412 2424; x_wconf 94' lang='lat' dir='ltr'><strong>in</strong></span> <span class='ocrx_word' id='word_1_180' title='bbox 433 2365 582 2427; x_wconf 87' lang='lat' dir='ltr'><strong>recitando</strong></span> <span class='ocrx_word' id='word_1_181' title='bbox 602 2385 670 2429; x_wconf 91' lang='lat' dir='ltr'><strong>eum</strong></span> <span class='ocrx_word' id='word_1_182' title='bbox 691 2368 765 2429; x_wconf 94' lang='lat' dir='ltr'><strong>duos</strong></span> <span class='ocrx_word' id='word_1_183' title='bbox 785 2365 954 2427; x_wconf 86' lang='lat' dir='ltr'><strong>dimidiatos</strong></span> <span class='ocrx_word' id='word_1_184' title='bbox 965 2382 1071 2429; x_wconf 88' lang='lat' dir='ltr'><strong>versus</strong></span> <span class='ocrx_word' id='word_1_185' title='bbox 1081 2366 1248 2444; x_wconf 82' lang='lat' dir='ltr'><strong>complesse</strong></span> 
     </span>
     <span class='ocr_line' id='line_1_25' title="bbox 208 2443 1254 2527; baseline 0 -21"><span class='ocrx_word' id='word_1_186' title='bbox 208 2452 242 2506; x_wconf 89' lang='lat' dir='ltr'><strong>et</strong></span> <span class='ocrx_word' id='word_1_187' title='bbox 257 2444 335 2513; x_wconf 82' lang='lat' dir='ltr'><strong>luite,</strong></span> <span class='ocrx_word' id='word_1_188' title='bbox 351 2443 498 2505; x_wconf 82' lang='lat' dir='ltr'><strong>Misenum</strong></span> <span class='ocrx_word' id='word_1_189' title='bbox 511 2446 667 2519; x_wconf 83' lang='lat' dir='ltr'><strong>AEoiidem,</strong></span> <span class='ocrx_word' id='word_1_190' title='bbox 681 2445 833 2527; x_wconf 72' lang='lat' dir='ltr'><strong>adiecisse,</strong></span> <span class='ocrx_word' id='word_1_191' title='bbox 845 2465 903 2525; x_wconf 82' lang='lat' dir='ltr'><strong>pue</strong></span> <span class='ocrx_word' id='word_1_192' title='bbox 912 2465 971 2507; x_wconf 78' lang='lat' dir='ltr'><strong>ooo</strong></span> <span class='ocrx_word' id='word_1_193' title='bbox 982 2448 1181 2526; x_wconf 77' lang='lat' dir='ltr'><strong>praestantior</strong></span> <span class='ocrx_word' id='word_1_194' title='bbox 1192 2446 1254 2507; x_wconf 77' lang='lat' dir='ltr'><strong>aue</strong></span> 
     </span>
     <span class='ocr_line' id='line_1_26' title="bbox 211 2525 1254 2607; baseline -0.003 -18"><span class='ocrx_word' id='word_1_195' title='bbox 211 2528 281 2589; x_wconf 85' lang='lat' dir='ltr'><strong>AEre</strong></span> <span class='ocrx_word' id='word_1_196' title='bbox 302 2526 374 2585; x_wconf 83' lang='lat' dir='ltr'><strong>ciere</strong></span> <span class='ocrx_word' id='word_1_197' title='bbox 393 2527 480 2600; x_wconf 84' lang='lat' dir='ltr'><strong>siros,</strong></span> <span class='ocrx_word' id='word_1_198' title='bbox 492 2525 579 2589; x_wconf 88' lang='lat' dir='ltr'><strong>simili</strong></span> <span class='ocrx_word' id='word_1_199' title='bbox 600 2531 697 2591; x_wconf 90' lang='lat' dir='ltr'><strong>calore</strong></span> <span class='ocrx_word' id='word_1_200' title='bbox 713 2530 857 2607; x_wconf 79' lang='lat' dir='ltr'><strong>J&#39;aetatum</strong></span> <span class='ocrx_word' id='word_1_201' title='bbox 878 2526 1078 2605; x_wconf 77' lang='lat' dir='ltr'><strong>subjunxisse,</strong></span> <span class='ocrx_word' id='word_1_202' title='bbox 1103 2527 1254 2605; x_wconf 82' lang='lat' dir='ltr'><strong>Mortemp</strong></span> 
     </span>
     <span class='ocr_line' id='line_1_27' title="bbox 210 2605 1254 2690; baseline -0.003 -20"><span class='ocrx_word' id='word_1_203' title='bbox 210 2618 311 2670; x_wconf 84' lang='lat' dir='ltr'><strong>suctu:</strong></span> <span class='ocrx_word' id='word_1_204' title='bbox 324 2605 484 2683; x_wconf 84' lang='lat' dir='ltr'><strong>statimque</strong></span> <span class='ocrx_word' id='word_1_205' title='bbox 503 2607 558 2668; x_wconf 90' lang='lat' dir='ltr'><strong>sibi</strong></span> <span class='ocrx_word' id='word_1_206' title='bbox 580 2612 752 2690; x_wconf 87' lang='lat' dir='ltr'><strong>imperasse,</strong></span> <span class='ocrx_word' id='word_1_207' title='bbox 765 2615 798 2672; x_wconf 90' lang='lat' dir='ltr'><strong>nt</strong></span> <span class='ocrx_word' id='word_1_208' title='bbox 818 2613 975 2686; x_wconf 87' lang='lat' dir='ltr'><strong>utrumque</strong></span> <span class='ocrx_word' id='word_1_209' title='bbox 996 2609 1137 2669; x_wconf 84' lang='lat' dir='ltr'><strong>volumini</strong></span> <span class='ocrx_word' id='word_1_210' title='bbox 1159 2608 1254 2668; x_wconf 90' lang='lat' dir='ltr'><strong>adseri</strong></span> 
     </span>
    </p>

    <p class='ocr_par' dir='ltr' id='par_1_5' title="bbox 209 2685 1255 3978">
     <span class='ocr_line' id='line_1_28' title="bbox 294 2685 1254 2768; baseline -0.002 -21"><span class='ocrx_word' id='word_1_211' title='bbox 294 2685 443 2755; x_wconf 87' lang='lat' dir='ltr'><strong>Bucolica,</strong></span> <span class='ocrx_word' id='word_1_212' title='bbox 456 2686 660 2768; x_wconf 81' lang='lat' dir='ltr'><strong>Georgieaque</strong></span> <span class='ocrx_word' id='word_1_213' title='bbox 679 2689 857 2751; x_wconf 81' lang='lat' dir='ltr'><strong>emendarit.</strong></span> <span class='ocrx_word' id='word_1_214' title='bbox 870 2689 955 2750; x_wconf 79' lang='lat' dir='ltr'><strong>Anno</strong></span> <span class='ocrx_word' id='word_1_215' title='bbox 969 2706 1041 2752; x_wconf 83' lang='lat' dir='ltr'><strong>vero</strong></span> <span class='ocrx_word' id='word_1_216' title='bbox 1051 2687 1254 2766; x_wconf 79' lang='lat' dir='ltr'><strong>quinquagesir</strong></span> 
     </span>
     <span class='ocr_line' id='line_1_29' title="bbox 214 2766 1254 2847; baseline -0.002 -16"><span class='ocrx_word' id='word_1_217' title='bbox 214 2774 250 2831; x_wconf 89' lang='lat' dir='ltr'><strong>ut</strong></span> <span class='ocrx_word' id='word_1_218' title='bbox 269 2766 401 2829; x_wconf 89' lang='lat' dir='ltr'><strong>ultimam</strong></span> <span class='ocrx_word' id='word_1_219' title='bbox 422 2785 544 2830; x_wconf 88' lang='lat' dir='ltr'><strong>manum</strong></span> <span class='ocrx_word' id='word_1_220' title='bbox 564 2770 681 2833; x_wconf 80' lang='lat' dir='ltr'><strong>AEueidi</strong></span> <span class='ocrx_word' id='word_1_221' title='bbox 694 2772 872 2847; x_wconf 81' lang='lat' dir='ltr'><strong>imponeret,</strong></span> <span class='ocrx_word' id='word_1_222' title='bbox 884 2773 988 2831; x_wconf 83' lang='lat' dir='ltr'><strong>statuit</strong></span> <span class='ocrx_word' id='word_1_223' title='bbox 1008 2772 1037 2829; x_wconf 91' lang='lat' dir='ltr'><strong>in</strong></span> <span class='ocrx_word' id='word_1_224' title='bbox 1057 2769 1254 2839; x_wconf 76' lang='lat' dir='ltr'><strong>Graeciame</strong></span> 
     </span>
     <span class='ocr_line' id='line_1_30' title="bbox 212 2850 1254 2930; baseline -0.002 -20"><span class='ocrx_word' id='word_1_225' title='bbox 212 2850 334 2923; x_wconf 86' lang='lat' dir='ltr'><strong>cedere,</strong></span> <span class='ocrx_word' id='word_1_226' title='bbox 355 2850 479 2909; x_wconf 92' lang='lat' dir='ltr'><strong>triennio</strong></span> <span class='ocrx_word' id='word_1_227' title='bbox 499 2867 537 2911; x_wconf 89' lang='lat' dir='ltr'><strong>ue</strong></span> <span class='ocrx_word' id='word_1_228' title='bbox 550 2852 817 2914; x_wconf 89' lang='lat' dir='ltr'><strong>continuoomnom</strong></span> <span class='ocrx_word' id='word_1_229' title='bbox 831 2868 952 2930; x_wconf 90' lang='lat' dir='ltr'><strong>operam</strong></span> <span class='ocrx_word' id='word_1_230' title='bbox 966 2850 1107 2912; x_wconf 87' lang='lat' dir='ltr'><strong>limationi</strong></span> <span class='ocrx_word' id='word_1_231' title='bbox 1128 2850 1201 2910; x_wconf 91' lang='lat' dir='ltr'><strong>dare</strong></span> <span class='ocrx_word' id='word_1_232' title='bbox 1217 2867 1225 2906; x_wconf 78' lang='lat' dir='ltr'><strong>e</strong></span> <span class='ocrx_word' id='word_1_233' title='bbox 1244 2866 1254 2908; x_wconf 87' lang='lat' dir='ltr'><strong>r</strong></span> 
     </span>
     <span class='ocr_line' id='line_1_31' title="bbox 214 2867 1253 3011; baseline 0.001 -22"><span class='ocrx_word' id='word_1_234' title='bbox 214 2933 276 2993; x_wconf 82' lang='lat' dir='ltr'><strong>rita</strong></span> <span class='ocrx_word' id='word_1_235' title='bbox 295 2935 413 2991; x_wconf 88' lang='lat' dir='ltr'><strong>tantum</strong></span> <span class='ocrx_word' id='word_1_236' title='bbox 433 2867 643 3011; x_wconf 61' lang='lat' dir='ltr'><strong>Philosophiae</strong></span> <span class='ocrx_word' id='word_1_237' title='bbox 662 2937 792 2993; x_wconf 84' lang='lat' dir='ltr'><strong>vacaret.</strong></span> <span class='ocrx_word' id='word_1_238' title='bbox 808 2930 867 2993; x_wconf 88' lang='lat' dir='ltr'><strong>Sed</strong></span> <span class='ocrx_word' id='word_1_239' title='bbox 880 2947 949 2993; x_wconf 90' lang='lat' dir='ltr'><strong>eurn</strong></span> <span class='ocrx_word' id='word_1_240' title='bbox 961 2948 1120 3009; x_wconf 78' lang='lat' dir='ltr'><strong>aggressus</strong></span> <span class='ocrx_word' id='word_1_241' title='bbox 1133 2933 1202 3000; x_wconf 89' lang='lat' dir='ltr'><strong>iter,</strong></span> <span class='ocrx_word' id='word_1_242' title='bbox 1214 2929 1253 2990; x_wconf 81' lang='lat' dir='ltr'><strong>nt</strong></span> 
     </span>
     <span class='ocr_line' id='line_1_32' title="bbox 211 3010 1255 3092; baseline -0.001 -20"><span class='ocrx_word' id='word_1_243' title='bbox 211 3013 300 3074; x_wconf 89' lang='lat' dir='ltr'><strong>risset</strong></span> <span class='ocrx_word' id='word_1_244' title='bbox 318 3010 452 3092; x_wconf 81' lang='lat' dir='ltr'><strong>Augusto</strong></span> <span class='ocrx_word' id='word_1_245' title='bbox 472 3013 510 3072; x_wconf 82' lang='lat' dir='ltr'><strong>ab</strong></span> <span class='ocrx_word' id='word_1_246' title='bbox 530 3013 652 3077; x_wconf 88' lang='lat' dir='ltr'><strong>Oriente</strong></span> <span class='ocrx_word' id='word_1_247' title='bbox 672 3011 798 3073; x_wconf 84' lang='lat' dir='ltr'><strong>Romam</strong></span> <span class='ocrx_word' id='word_1_248' title='bbox 819 3014 992 3084; x_wconf 88' lang='lat' dir='ltr'><strong>revertenti,</strong></span> <span class='ocrx_word' id='word_1_249' title='bbox 1003 3028 1143 3074; x_wconf 90' lang='lat' dir='ltr'><strong>unacum</strong></span> <span class='ocrx_word' id='word_1_250' title='bbox 1155 3010 1255 3073; x_wconf 81' lang='lat' dir='ltr'><strong>Caesar</strong></span> 
     </span>
     <span class='ocr_line' id='line_1_33' title="bbox 212 3091 1254 3170; baseline -0.003 -17"><span class='ocrx_word' id='word_1_251' title='bbox 212 3096 279 3155; x_wconf 91' lang='lat' dir='ltr'><strong>tuit.</strong></span> <span class='ocrx_word' id='word_1_252' title='bbox 294 3093 335 3151; x_wconf 82' lang='lat' dir='ltr'><strong>st</strong></span> <span class='ocrx_word' id='word_1_253' title='bbox 352 3108 423 3154; x_wconf 90' lang='lat' dir='ltr'><strong>eum</strong></span> <span class='ocrx_word' id='word_1_254' title='bbox 442 3091 577 3170; x_wconf 75' lang='lat' dir='ltr'><strong>Megara,</strong></span> <span class='ocrx_word' id='word_1_255' title='bbox 598 3095 730 3157; x_wconf 74' lang='lat' dir='ltr'><strong>vicinum</strong></span> <span class='ocrx_word' id='word_1_256' title='bbox 753 3091 876 3155; x_wconf 75' lang='lat' dir='ltr'><strong>Athenis</strong></span> <span class='ocrx_word' id='word_1_257' title='bbox 895 3095 1049 3170; x_wconf 91' lang='lat' dir='ltr'><strong>oppidum,</strong></span> <span class='ocrx_word' id='word_1_258' title='bbox 1072 3091 1182 3153; x_wconf 86' lang='lat' dir='ltr'><strong>visendi</strong></span> <span class='ocrx_word' id='word_1_259' title='bbox 1204 3108 1254 3167; x_wconf 78' lang='lat' dir='ltr'><strong>gra</strong></span> 
     </span>
     <span class='ocr_line' id='line_1_34' title="bbox 210 3174 1255 3255; baseline -0.003 -21"><span class='ocrx_word' id='word_1_260' title='bbox 210 3174 384 3252; x_wconf 83' lang='lat' dir='ltr'><strong>languorem</strong></span> <span class='ocrx_word' id='word_1_261' title='bbox 405 3176 509 3235; x_wconf 77' lang='lat' dir='ltr'><strong>noetus</strong></span> <span class='ocrx_word' id='word_1_262' title='bbox 529 3180 587 3239; x_wconf 84' lang='lat' dir='ltr'><strong>est:</strong></span> <span class='ocrx_word' id='word_1_263' title='bbox 601 3192 692 3255; x_wconf 81' lang='lat' dir='ltr'><strong>quem</strong></span> <span class='ocrx_word' id='word_1_264' title='bbox 706 3192 764 3235; x_wconf 95' lang='lat' dir='ltr'><strong>non</strong></span> <span class='ocrx_word' id='word_1_265' title='bbox 778 3174 945 3236; x_wconf 85' lang='lat' dir='ltr'><strong>intermissa</strong></span> <span class='ocrx_word' id='word_1_266' title='bbox 960 3176 1104 3249; x_wconf 82' lang='lat' dir='ltr'><strong>navigatio</strong></span> <span class='ocrx_word' id='word_1_267' title='bbox 1114 3175 1205 3233; x_wconf 86' lang='lat' dir='ltr'><strong>aurit:</strong></span> <span class='ocrx_word' id='word_1_268' title='bbox 1222 3175 1255 3231; x_wconf 80' lang='lat' dir='ltr'><strong>ite</strong></span> 
     </span>
     <span class='ocr_line' id='line_1_35' title="bbox 211 3250 1253 3331; baseline -0.003 -17"><span class='ocrx_word' id='word_1_269' title='bbox 211 3257 243 3315; x_wconf 91' lang='lat' dir='ltr'><strong>in</strong></span> <span class='ocrx_word' id='word_1_270' title='bbox 264 3257 336 3324; x_wconf 85' lang='lat' dir='ltr'><strong>dies,</strong></span> <span class='ocrx_word' id='word_1_271' title='bbox 351 3250 468 3314; x_wconf 65' lang='lat' dir='ltr'><strong>undum</strong></span> <span class='ocrx_word' id='word_1_272' title='bbox 490 3254 691 3317; x_wconf 86' lang='lat' dir='ltr'><strong>Brundusium</strong></span> <span class='ocrx_word' id='word_1_273' title='bbox 711 3254 899 3317; x_wconf 82' lang='lat' dir='ltr'><strong>adventarit:</strong></span> <span class='ocrx_word' id='word_1_274' title='bbox 917 3253 965 3313; x_wconf 89' lang='lat' dir='ltr'><strong>ubi</strong></span> <span class='ocrx_word' id='word_1_275' title='bbox 985 3252 1091 3314; x_wconf 88' lang='lat' dir='ltr'><strong>diebus</strong></span> <span class='ocrx_word' id='word_1_276' title='bbox 1112 3254 1214 3331; x_wconf 86' lang='lat' dir='ltr'><strong>paucis</strong></span> <span class='ocrx_word' id='word_1_277' title='bbox 1234 3268 1253 3311; x_wconf 94' lang='lat' dir='ltr'><strong>o</strong></span> 
     </span>
     <span class='ocr_line' id='line_1_36' title="bbox 212 3331 1254 3408; baseline -0.007 -11"><span class='ocrx_word' id='word_1_278' title='bbox 212 3336 337 3397; x_wconf 85' lang='lat' dir='ltr'><strong>Kalend·</strong></span> <span class='ocrx_word' id='word_1_279' title='bbox 351 3334 500 3402; x_wconf 89' lang='lat' dir='ltr'><strong>Oetobris,</strong></span> <span class='ocrx_word' id='word_1_280' title='bbox 514 3334 572 3399; x_wconf 86' lang='lat' dir='ltr'><strong>Cn,</strong></span> <span class='ocrx_word' id='word_1_281' title='bbox 583 3331 711 3407; x_wconf 87' lang='lat' dir='ltr'><strong>Plautio,</strong></span> <span class='ocrx_word' id='word_1_282' title='bbox 725 3332 953 3408; x_wconf 87' lang='lat' dir='ltr'><strong>etQ.Lueretio,</strong></span> <span class='ocrx_word' id='word_1_283' title='bbox 971 3333 1053 3395; x_wconf 88' lang='lat' dir='ltr'><strong>Coss.</strong></span> <span class='ocrx_word' id='word_1_284' title='bbox 1070 3335 1128 3407; x_wconf 85' lang='lat' dir='ltr'><strong>Qui</strong></span> <span class='ocrx_word' id='word_1_285' title='bbox 1143 3350 1209 3393; x_wconf 92' lang='lat' dir='ltr'><strong>eum</strong></span> <span class='ocrx_word' id='word_1_286' title='bbox 1221 3350 1254 3408; x_wconf 87' lang='lat' dir='ltr'><strong>gr</strong></span> 
     </span>
     <span class='ocr_line' id='line_1_37' title="bbox 212 3417 1254 3496; baseline -0.006 -17"><span class='ocrx_word' id='word_1_287' title='bbox 212 3436 281 3479; x_wconf 87' lang='lat' dir='ltr'><strong>sese</strong></span> <span class='ocrx_word' id='word_1_288' title='bbox 302 3417 436 3488; x_wconf 82' lang='lat' dir='ltr'><strong>sentiret,</strong></span> <span class='ocrx_word' id='word_1_289' title='bbox 451 3417 558 3478; x_wconf 89' lang='lat' dir='ltr'><strong>serinia</strong></span> <span class='ocrx_word' id='word_1_290' title='bbox 571 3433 661 3494; x_wconf 88' lang='lat' dir='ltr'><strong>saepe</strong></span> <span class='ocrx_word' id='word_1_291' title='bbox 675 3422 707 3476; x_wconf 88' lang='lat' dir='ltr'><strong>et</strong></span> <span class='ocrx_word' id='word_1_292' title='bbox 720 3434 822 3494; x_wconf 80' lang='lat' dir='ltr'><strong>magna</strong></span> <span class='ocrx_word' id='word_1_293' title='bbox 839 3419 974 3476; x_wconf 71' lang='lat' dir='ltr'><strong>instaretis</strong></span> <span class='ocrx_word' id='word_1_294' title='bbox 994 3418 1108 3496; x_wconf 87' lang='lat' dir='ltr'><strong>petivit,</strong></span> <span class='ocrx_word' id='word_1_295' title='bbox 1122 3420 1254 3475; x_wconf 85' lang='lat' dir='ltr'><strong>cremate</strong></span> 
     </span>
     <span class='ocr_line' id='line_1_38' title="bbox 210 3496 1255 3576; baseline -0.007 -17"><span class='ocrx_word' id='word_1_296' title='bbox 210 3498 320 3576; x_wconf 84' lang='lat' dir='ltr'><strong>quibus</strong></span> <span class='ocrx_word' id='word_1_297' title='bbox 332 3498 633 3574; x_wconf 70' lang='lat' dir='ltr'><strong>negatistestamento</strong></span> <span class='ocrx_word' id='word_1_298' title='bbox 643 3498 774 3558; x_wconf 88' lang='lat' dir='ltr'><strong>comburi</strong></span> <span class='ocrx_word' id='word_1_299' title='bbox 784 3496 919 3573; x_wconf 81' lang='lat' dir='ltr'><strong>jussit,ut</strong></span> <span class='ocrx_word' id='word_1_300' title='bbox 934 3515 998 3557; x_wconf 88' lang='lat' dir='ltr'><strong>rem</strong></span> <span class='ocrx_word' id='word_1_301' title='bbox 1010 3496 1255 3565; x_wconf 72' lang='lat' dir='ltr'><strong>inemendatamir</strong></span> 
     </span>
     <span class='ocr_line' id='line_1_39' title="bbox 209 3574 1255 3656; baseline -0.003 -20"><span class='ocrx_word' id='word_1_302' title='bbox 209 3578 397 3655; x_wconf 77' lang='lat' dir='ltr'><strong>‹puet&#39;erum</strong></span> <span class='ocrx_word' id='word_1_303' title='bbox 409 3576 519 3647; x_wconf 80' lang='lat' dir='ltr'><strong>Tricca,</strong></span> <span class='ocrx_word' id='word_1_304' title='bbox 532 3583 562 3638; x_wconf 89' lang='lat' dir='ltr'><strong>et</strong></span> <span class='ocrx_word' id='word_1_305' title='bbox 582 3574 692 3639; x_wconf 84' lang='lat' dir='ltr'><strong>Varius</strong></span> <span class='ocrx_word' id='word_1_306' title='bbox 712 3582 901 3645; x_wconf 89' lang='lat' dir='ltr'><strong>monuerunt,</strong></span> <span class='ocrx_word' id='word_1_307' title='bbox 916 3576 944 3636; x_wconf 88' lang='lat' dir='ltr'><strong>id</strong></span> <span class='ocrx_word' id='word_1_308' title='bbox 966 3577 1132 3656; x_wconf 77' lang='lat' dir='ltr'><strong>Atrgustum</strong></span> <span class='ocrx_word' id='word_1_309' title='bbox 1148 3595 1204 3636; x_wconf 90' lang='lat' dir='ltr'><strong>nou</strong></span> <span class='ocrx_word' id='word_1_310' title='bbox 1226 3594 1255 3652; x_wconf 83' lang='lat' dir='ltr'><strong>pr</strong></span> 
     </span>
     <span class='ocr_line' id='line_1_40' title="bbox 213 3656 1255 3736; baseline -0.006 -17"><span class='ocrx_word' id='word_1_311' title='bbox 213 3659 403 3719; x_wconf 86' lang='lat' dir='ltr'><strong>&#39;l&#39;uneeidem</strong></span> <span class='ocrx_word' id='word_1_312' title='bbox 416 3656 508 3717; x_wconf 85' lang='lat' dir='ltr'><strong>Vario</strong></span> <span class='ocrx_word' id='word_1_313' title='bbox 522 3675 556 3717; x_wconf 86' lang='lat' dir='ltr'><strong>ac</strong></span> <span class='ocrx_word' id='word_1_314' title='bbox 568 3657 655 3718; x_wconf 89' lang='lat' dir='ltr'><strong>simul</strong></span> <span class='ocrx_word' id='word_1_315' title='bbox 668 3658 785 3720; x_wconf 81' lang='lat' dir='ltr'><strong>Tuscae</strong></span> <span class='ocrx_word' id='word_1_316' title='bbox 797 3662 905 3736; x_wconf 86' lang='lat' dir='ltr'><strong>scripto</strong></span> <span class='ocrx_word' id='word_1_317' title='bbox 919 3659 973 3719; x_wconf 89' lang='lat' dir='ltr'><strong>sub</strong></span> <span class='ocrx_word' id='word_1_318' title='bbox 993 3679 1028 3720; x_wconf 90' lang='lat' dir='ltr'><strong>ea</strong></span> <span class='ocrx_word' id='word_1_319' title='bbox 1040 3658 1204 3721; x_wconf 86' lang='lat' dir='ltr'><strong>conditione</strong></span> <span class='ocrx_word' id='word_1_320' title='bbox 1216 3656 1255 3727; x_wconf 71' lang='lat' dir='ltr'><strong>lep</strong></span> 
     </span>
     <span class='ocr_line' id='line_1_41' title="bbox 214 3736 1255 3814; baseline 0.001 -19"><span class='ocrx_word' id='word_1_321' title='bbox 214 3740 367 3809; x_wconf 85' lang='lat' dir='ltr'><strong>adderent,</strong></span> <span class='ocrx_word' id='word_1_322' title='bbox 382 3738 459 3814; x_wconf 81' lang='lat' dir='ltr'><strong>quod</strong></span> <span class='ocrx_word' id='word_1_323' title='bbox 481 3756 497 3796; x_wconf 87' lang='lat' dir='ltr'><strong>a</strong></span> <span class='ocrx_word' id='word_1_324' title='bbox 519 3757 551 3799; x_wconf 91' lang='lat' dir='ltr'><strong>se</strong></span> <span class='ocrx_word' id='word_1_325' title='bbox 570 3739 682 3800; x_wconf 87' lang='lat' dir='ltr'><strong>editum</strong></span> <span class='ocrx_word' id='word_1_326' title='bbox 697 3758 755 3800; x_wconf 95' lang='lat' dir='ltr'><strong>non</strong></span> <span class='ocrx_word' id='word_1_327' title='bbox 767 3746 853 3808; x_wconf 85' lang='lat' dir='ltr'><strong>esset;</strong></span> <span class='ocrx_word' id='word_1_328' title='bbox 877 3746 908 3797; x_wconf 90' lang='lat' dir='ltr'><strong>ot</strong></span> <span class='ocrx_word' id='word_1_329' title='bbox 923 3755 1027 3801; x_wconf 84' lang='lat' dir='ltr'><strong>uersus</strong></span> <span class='ocrx_word' id='word_1_330' title='bbox 1048 3741 1136 3799; x_wconf 89' lang='lat' dir='ltr'><strong>etiam</strong></span> <span class='ocrx_word' id='word_1_331' title='bbox 1149 3736 1255 3814; x_wconf 88' lang='lat' dir='ltr'><strong>imperi</strong></span> 
     </span>
     <span class='ocr_line' id='line_1_42' title="bbox 213 3819 1255 3895; baseline -0.004 -18"><span class='ocrx_word' id='word_1_332' title='bbox 213 3819 628 3895; x_wconf 69' lang='lat' dir='ltr'><strong>erarrtpetiuqueroni,lluluit</strong></span> <span class='ocrx_word' id='word_1_333' title='bbox 642 3822 730 3880; x_wconf 87' lang='lat' dir='ltr'><strong>etiarn</strong></span> <span class='ocrx_word' id='word_1_334' title='bbox 741 3839 794 3880; x_wconf 88' lang='lat' dir='ltr'><strong>sua</strong></span> <span class='ocrx_word' id='word_1_335' title='bbox 808 3838 872 3879; x_wconf 86' lang='lat' dir='ltr'><strong>ossa</strong></span> <span class='ocrx_word' id='word_1_336' title='bbox 887 3821 1040 3895; x_wconf 74' lang='lat' dir='ltr'><strong>Neapolim</strong></span> <span class='ocrx_word' id='word_1_337' title='bbox 1053 3819 1255 3881; x_wconf 75' lang='lat' dir='ltr'><strong>trausierriub</strong></span> 
     </span>
     <span class='ocr_line' id='line_1_43' title="bbox 213 3898 1255 3978; baseline 0.002 -21"><span class='ocrx_word' id='word_1_338' title='bbox 213 3901 334 3961; x_wconf 74' lang='lat' dir='ltr'><strong>tissime</strong></span> <span class='ocrx_word' id='word_1_339' title='bbox 342 3903 504 3967; x_wconf 67' lang='lat' dir='ltr'><strong>ulceratae</strong></span> <span class='ocrx_word' id='word_1_340' title='bbox 518 3907 650 3960; x_wconf 82' lang='lat' dir='ltr'><strong>extrema</strong></span> <span class='ocrx_word' id='word_1_341' title='bbox 663 3901 890 3963; x_wconf 84' lang='lat' dir='ltr'><strong>valetudiueboe</strong></span> <span class='ocrx_word' id='word_1_342' title='bbox 903 3904 964 3976; x_wconf 85' lang='lat' dir='ltr'><strong>ipse</strong></span> <span class='ocrx_word' id='word_1_343' title='bbox 978 3900 1219 3978; x_wconf 78' lang='lat' dir='ltr'><strong>sibiepitapbiuru</strong></span> <span class='ocrx_word' id='word_1_344' title='bbox 1232 3898 1255 3962; x_wconf 89' lang='lat' dir='ltr'><strong>le</strong></span> 
     </span>
    </p>
   </div>
   <div class='ocr_carea' id='block_1_5' title="bbox 381 4014 1208 4179">
    <p class='ocr_par' dir='ltr' id='par_1_6' title="bbox 381 4014 1208 4179">
     <span class='ocr_line' id='line_1_44' title="bbox 381 4014 1208 4094; baseline -0.004 -17"><span class='ocrx_word' id='word_1_345' title='bbox 381 4014 509 4079; x_wconf 77' lang='lat' dir='ltr'><strong>Mantua</strong></span> <span class='ocrx_word' id='word_1_346' title='bbox 528 4036 572 4079; x_wconf 86' lang='lat' dir='ltr'><strong>mo</strong></span> <span class='ocrx_word' id='word_1_347' title='bbox 592 4016 715 4094; x_wconf 72' lang='lat' dir='ltr'><strong>penult:</strong></span> <span class='ocrx_word' id='word_1_348' title='bbox 739 4015 860 4079; x_wconf 81' lang='lat' dir='ltr'><strong>Cciubri</strong></span> <span class='ocrx_word' id='word_1_349' title='bbox 879 4032 1017 4093; x_wconf 78' lang='lat' dir='ltr'><strong>rapuere:</strong></span> <span class='ocrx_word' id='word_1_350' title='bbox 1039 4023 1113 4077; x_wconf 84' lang='lat' dir='ltr'><strong>tenet</strong></span> <span class='ocrx_word' id='word_1_351' title='bbox 1131 4032 1208 4077; x_wconf 83' lang='lat' dir='ltr'><strong>seeo</strong></span> 
     </span>
     <span class='ocr_line' id='line_1_45' title="bbox 456 4098 1155 4179; baseline 0 -22"><span class='ocrx_word' id='word_1_352' title='bbox 456 4098 654 4179; x_wconf 77' lang='lat' dir='ltr'><strong>Parthenope:</strong></span> <span class='ocrx_word' id='word_1_353' title='bbox 675 4098 766 4157; x_wconf 76' lang='lat' dir='ltr'><strong>cecini</strong></span> <span class='ocrx_word' id='word_1_354' title='bbox 782 4114 920 4175; x_wconf 73' lang='lat' dir='ltr'><strong>poscite,</strong></span> <span class='ocrx_word' id='word_1_355' title='bbox 943 4115 1041 4166; x_wconf 85' lang='lat' dir='ltr'><strong>reru,</strong></span> <span class='ocrx_word' id='word_1_356' title='bbox 1062 4098 1155 4158; x_wconf 83' lang='lat' dir='ltr'><strong>duces.</strong></span> 
     </span>
    </p>
   </div>
   <div class='ocr_carea' id='block_1_6' title="bbox 210 4226 1256 4552">
    <p class='ocr_par' dir='ltr' id='par_1_7' title="bbox 210 4226 1256 4552">
     <span class='ocr_line' id='line_1_46' title="bbox 214 4226 1256 4311; baseline 0.004 -21"><span class='ocrx_word' id='word_1_357' title='bbox 214 4226 370 4290; x_wconf 84' lang='lat' dir='ltr'><strong>Translata</strong></span> <span class='ocrx_word' id='word_1_358' title='bbox 392 4231 483 4310; x_wconf 81' lang='lat' dir='ltr'><strong>igitur</strong></span> <span class='ocrx_word' id='word_1_359' title='bbox 500 4234 585 4311; x_wconf 79' lang='lat' dir='ltr'><strong>jussu</strong></span> <span class='ocrx_word' id='word_1_360' title='bbox 606 4230 734 4311; x_wconf 79' lang='lat' dir='ltr'><strong>Augusti</strong></span> <span class='ocrx_word' id='word_1_361' title='bbox 754 4231 817 4309; x_wconf 82' lang='lat' dir='ltr'><strong>ejus</strong></span> <span class='ocrx_word' id='word_1_362' title='bbox 831 4251 910 4297; x_wconf 82' lang='lat' dir='ltr'><strong>ossa.</strong></span> <span class='ocrx_word' id='word_1_363' title='bbox 928 4238 1015 4309; x_wconf 77' lang='lat' dir='ltr'><strong>prom</strong></span> <span class='ocrx_word' id='word_1_364' title='bbox 1028 4236 1185 4301; x_wconf 86' lang='lat' dir='ltr'><strong>statuerat,</strong></span> <span class='ocrx_word' id='word_1_365' title='bbox 1199 4232 1256 4294; x_wconf 85' lang='lat' dir='ltr'><strong>Nes</strong></span> 
     </span>
     <span class='ocr_line' id='line_1_47' title="bbox 213 4310 1256 4390; baseline -0.001 -19"><span class='ocrx_word' id='word_1_366' title='bbox 213 4310 390 4388; x_wconf 76' lang='lat' dir='ltr'><strong>sepultoque</strong></span> <span class='ocrx_word' id='word_1_367' title='bbox 410 4316 459 4374; x_wconf 86' lang='lat' dir='ltr'><strong>via</strong></span> <span class='ocrx_word' id='word_1_368' title='bbox 482 4314 652 4385; x_wconf 77' lang='lat' dir='ltr'><strong>Puteolana,</strong></span> <span class='ocrx_word' id='word_1_369' title='bbox 666 4315 742 4374; x_wconf 89' lang='lat' dir='ltr'><strong>intra</strong></span> <span class='ocrx_word' id='word_1_370' title='bbox 763 4314 891 4390; x_wconf 82' lang='lat' dir='ltr'><strong>lapidem</strong></span> <span class='ocrx_word' id='word_1_371' title='bbox 906 4313 1079 4373; x_wconf 76' lang='lat' dir='ltr'><strong>secundnm:</strong></span> <span class='ocrx_word' id='word_1_372' title='bbox 1092 4331 1206 4390; x_wconf 81' lang='lat' dir='ltr'><strong>suoque</strong></span> <span class='ocrx_word' id='word_1_373' title='bbox 1227 4335 1256 4373; x_wconf 76' lang='lat' dir='ltr'><strong>se</strong></span> 
     </span>
     <span class='ocr_line' id='line_1_48' title="bbox 212 4390 1256 4472; baseline 0.005 -23"><span class='ocrx_word' id='word_1_374' title='bbox 212 4390 339 4464; x_wconf 80' lang='lat' dir='ltr'><strong>sticbou,</strong></span> <span class='ocrx_word' id='word_1_375' title='bbox 353 4396 431 4470; x_wconf 83' lang='lat' dir='ltr'><strong>quod</strong></span> <span class='ocrx_word' id='word_1_376' title='bbox 453 4394 574 4462; x_wconf 85' lang='lat' dir='ltr'><strong>lecerat,</strong></span> <span class='ocrx_word' id='word_1_377' title='bbox 591 4396 763 4472; x_wconf 88' lang='lat' dir='ltr'><strong>inscriptum</strong></span> <span class='ocrx_word' id='word_1_378' title='bbox 784 4397 841 4456; x_wconf 87' lang='lat' dir='ltr'><strong>est.</strong></span> <span class='ocrx_word' id='word_1_379' title='bbox 865 4392 1021 4454; x_wconf 83' lang='lat' dir='ltr'><strong>llaoredes</strong></span> <span class='ocrx_word' id='word_1_380' title='bbox 1036 4392 1105 4452; x_wconf 84' lang='lat' dir='ltr'><strong>lesit</strong></span> <span class='ocrx_word' id='word_1_381' title='bbox 1118 4413 1153 4453; x_wconf 82' lang='lat' dir='ltr'><strong>ex</strong></span> <span class='ocrx_word' id='word_1_382' title='bbox 1170 4397 1256 4455; x_wconf 89' lang='lat' dir='ltr'><strong>dimid</strong></span> 
     </span>
     <span class='ocr_line' id='line_1_49' title="bbox 210 4471 1256 4552; baseline 0.005 -22"><span class='ocrx_word' id='word_1_383' title='bbox 210 4471 319 4530; x_wconf 82' lang='lat' dir='ltr'><strong>lerium</strong></span> <span class='ocrx_word' id='word_1_384' title='bbox 342 4473 513 4549; x_wconf 80' lang='lat' dir='ltr'><strong>Proculum,</strong></span> <span class='ocrx_word' id='word_1_385' title='bbox 534 4477 654 4538; x_wconf 83' lang='lat' dir='ltr'><strong>lratrem</strong></span> <span class='ocrx_word' id='word_1_386' title='bbox 675 4494 713 4537; x_wconf 80' lang='lat' dir='ltr'><strong>ex</strong></span> <span class='ocrx_word' id='word_1_387' title='bbox 734 4476 828 4536; x_wconf 89' lang='lat' dir='ltr'><strong>altero</strong></span> <span class='ocrx_word' id='word_1_388' title='bbox 849 4480 944 4552; x_wconf 77' lang='lat' dir='ltr'><strong>pietro:</strong></span> <span class='ocrx_word' id='word_1_389' title='bbox 961 4495 996 4537; x_wconf 80' lang='lat' dir='ltr'><strong>es</strong></span> <span class='ocrx_word' id='word_1_390' title='bbox 1011 4482 1114 4552; x_wconf 79' lang='lat' dir='ltr'><strong>iptinrta</strong></span> <span class='ocrx_word' id='word_1_391' title='bbox 1137 4474 1256 4549; x_wconf 78' lang='lat' dir='ltr'><strong>Arrgirsl</strong></span> 
     </span>
    </p>
   </div>
   <div class='ocr_carea' id='block_1_7' title="bbox 120 4552 1256 4633">
    <p class='ocr_par' dir='ltr' id='par_1_8' title="bbox 120 4552 1256 4633">
     <span class='ocr_line' id='line_1_50' title="bbox 120 4552 1256 4633; baseline 0.005 -26"><span class='ocrx_word' id='word_1_392' title='bbox 120 4596 124 4605; x_wconf 94' lang='lat'>.</span> <span class='ocrx_word' id='word_1_393' title='bbox 210 4553 325 4609; x_wconf 69' lang='lat' dir='ltr'><strong>cerrima</strong></span> <span class='ocrx_word' id='word_1_394' title='bbox 348 4552 607 4618; x_wconf 81' lang='lat' dir='ltr'><strong>bieeoeuatem:ex</strong></span> <span class='ocrx_word' id='word_1_395' title='bbox 629 4556 744 4633; x_wconf 86' lang='lat' dir='ltr'><strong>reliqua</strong></span> <span class='ocrx_word' id='word_1_396' title='bbox 760 4557 795 4617; x_wconf 88' lang='lat' dir='ltr'><strong>L.</strong></span> <span class='ocrx_word' id='word_1_397' title='bbox 821 4555 957 4625; x_wconf 83' lang='lat' dir='ltr'><strong>Varium,</strong></span> <span class='ocrx_word' id='word_1_398' title='bbox 975 4565 1006 4613; x_wconf 84' lang='lat' dir='ltr'><strong>et</strong></span> <span class='ocrx_word' id='word_1_399' title='bbox 1027 4556 1155 4616; x_wconf 83' lang='lat' dir='ltr'><strong>Plotium</strong></span> <span class='ocrx_word' id='word_1_400' title='bbox 1170 4557 1256 4617; x_wconf 78' lang='lat' dir='ltr'><strong>l&#39;uec:</strong></span> 
     </span>
    </p>
   </div>
   <div class='ocr_carea' id='block_1_8' title="bbox 210 4630 1256 4723">
    <p class='ocr_par' dir='ltr' id='par_1_9' title="bbox 210 4630 1256 4723">
     <span class='ocr_line' id='line_1_51' title="bbox 210 4630 1256 4723; baseline 0.006 -31"><span class='ocrx_word' id='word_1_401' title='bbox 210 4630 366 4700; x_wconf 74' lang='lat' dir='ltr'><strong>cliiioideui</strong></span> <span class='ocrx_word' id='word_1_402' title='bbox 387 4646 453 4716; x_wconf 88' lang='lat' dir='ltr'><strong>post</strong></span> <span class='ocrx_word' id='word_1_403' title='bbox 473 4638 600 4713; x_wconf 86' lang='lat' dir='ltr'><strong>obitum,</strong></span> <span class='ocrx_word' id='word_1_404' title='bbox 615 4643 704 4719; x_wconf 84' lang='lat' dir='ltr'><strong>prout</strong></span> <span class='ocrx_word' id='word_1_405' title='bbox 719 4639 875 4723; x_wconf 75' lang='lat' dir='ltr'><strong>petiisset,</strong></span> <span class='ocrx_word' id='word_1_406' title='bbox 887 4635 972 4717; x_wconf 78' lang='lat' dir='ltr'><strong>jussu</strong></span> <span class='ocrx_word' id='word_1_407' title='bbox 986 4636 1120 4701; x_wconf 76' lang='lat' dir='ltr'><strong>Caesaris</strong></span> <span class='ocrx_word' id='word_1_408' title='bbox 1134 4639 1256 4700; x_wconf 78' lang='lat' dir='ltr'><strong>emenda</strong></span> 
     </span>
    </p>
   </div>
   <div class='ocr_carea' id='block_1_9' title="bbox 0 0 1440 5234">
    <p class='ocr_par' dir='ltr' id='par_1_10' title="bbox 0 0 1440 5234">
     <span class='ocr_line' id='line_1_52' title="bbox 0 0 1440 5234; baseline 0 0"><span class='ocrx_word' id='word_1_409' title='bbox 0 0 1440 5234; x_wconf 95' lang='lat' dir='ltr'><strong> </strong></span> 
     </span>
    </p>
   </div>
  </div>
 </body>
</html>
