2866 5234
310 279 370 342 tsi
684 280 715 341 P.
740 278 900 340 VlllGlLll
923 279 1097 344 deuotus

435 382 541 444 Siluius
556 429 564 452 ,
581 383 724 445 Albanum
740 403 846 443 uuureu
861 393 893 454 ¹,
910 393 957 445 tua
973 391 1106 462 postuma
1121 384 1215 466 proles
1232 407 1240 445 ε

389 484 394 512 ¹
431 465 526 537 Quem
541 465 593 525 tibi
608 463 744 543 longaevo
758 481 854 524 serum
869 464 986 524 Lacinia
1000 466 1103 544 conjux

352 543 412 604 ‘ltili
432 545 544 606 Educet
555 545 635 605 silvis
649 560 768 622 regem,
786 563 945 622 regumque
959 554 1105 622 parentem
1121 568 1129 606 ε

436 624 515 685 Unde
528 643 619 702 genus
631 625 715 703 longa
734 631 866 686 nostrum
881 625 1076 686 dominabitur
1089 629 1174 690 Alba.

432 705 587 768 Proximus
601 704 648 765 ille
665 752 674 773 ,
691 705 796 766 Procas
810 711 824 741 ¹¹
838 706 979 784 'trojanae
990 706 1083 782 gloria
1096 712 1187 785 gentis
1202 731 1210 768 ι
1229 729 1235 745 ¹

434 785 473 845 Et
485 788 590 864 Capys,
606 792 636 845 et
651 787 808 848 Numitor:
823 791 913 864 etqui
928 791 956 844 te
970 789 1086 848 nomine
1099 792 1200 852 reddet
1215 839 1222 863 ‚

434 866 542 927 Silvius
555 865 677 933 AEneess
693 868 801 944 pariter
813 868 920 945 pietate
933 866 978 926 vel
993 870 1082 928 armis

353 948 412 1008 770
432 946 588 1024 Egregius,
602 949 625 1007 si
639 965 777 1031 umquam
791 954 802 984 ⁸
817 948 992 1021 regnandam
1007 952 1153 1028 acceperit
1165 949 1279 1012 Albam.

382 1084 385 1089 .
432 1029 490 1102 Qui
501 1028 622 1106 juvenes
634 1033 757 1103 quantas
770 1033 916 1087 ostentant
929 1069 938 1097 ,
952 1031 1047 1106 aspice
1060 1072 1068 1098 ,
1083 1032 1159 1090 vires
1173 1033 1182 1090 l

435 1114 476 1169 'At
488 1109 537 1186 qui
551 1110 685 1169 umbrata
699 1112 803 1184 gerunt
816 1107 893 1166 civili
905 1115 1035 1186 tempora
1048 1113 1182 1185 quercu⁴
1199 1132 1208 1183 ;

677 1243 1107 1312 1uuuu1‘ustuu10,

272 1383 368 1421 nomeu
386 1367 513 1420 Albanum
523 1404 533 1432 ,
551 1371 595 1418 tua
613 1362 712 1417 soboles
728 1370 873 1434 postrema:
893 1380 969 1435 quem
986 1380 1052 1418 uxor
1068 1365 1177 1418 Lavinia
1194 1366 1222 1418 in
1239 1362 1329 1418 silvini

272 1439 319 1491 tibi
336 1439 452 1506 seniori,
469 1437 582 1490 laturum
601 1453 693 1503 regem
711 1444 738 1488 et
755 1442 851 1504 petrem
869 1444 982 1506 regum:
1001 1452 1018 1489 a
1034 1453 1083 1507 quo
1100 1435 1200 1490 semilis
1216 1444 1305 1491 uestra
1322 1452 1329 1490 1

270 1510 319 1572 liae
339 1513 439 1582 longae.
458 1510 505 1563 llic
522 1511 621 1563 vicinus
638 1509 698 1561 huic
716 1516 755 1561 esi
772 1507 889 1572 Procas,
906 1509 987 1562 honor
1004 1508 1134 1579 'l'rojanae
1153 1509 1276 1563 nationis.
1295 1509 1330 1563 Dr

271 1590 297 1636 et
318 1583 451 1636 Numitor:
471 1587 498 1635 et
513 1581 610 1635 AEneas
628 1579 746 1647 Silvius,
765 1580 808 1650 qui
826 1578 907 1637 refert
920 1587 947 1634 te
965 1581 1079 1649 nomine3
1098 1582 1239 1651 aequaliter
1255 1581 1330 1634 illustr

270 1655 385 1726 pietate,
404 1657 427 1707 si
445 1653 547 1708 taudem
565 1652 702 1725 aliquando
720 1650 829 1721 accipiat
847 1653 989 1720 regendam
1006 1652 1108 1722 Albam.
1120 1651 1170 1713 Oui
1183 1655 1291 1724 juvenes
1307 1650 1330 1705 vi

271 1734 335 1796 prae
352 1744 381 1779 se
397 1725 482 1780 lerant
499 1723 592 1793 roburl
608 1726 643 1779 At
659 1723 704 1796 qui
722 1721 818 1785 habeut
834 1733 910 1797 capul
926 1728 1038 1788 cinctum
1056 1744 1151 1791 corone
1167 1726 1239 1783 cirili
1257 1743 1331 1804 querc

306 1865 346 1942 (ι)
361 1866 477 1932 Silvius,
495 1864 624 1920 Albanum
647 1882 759 1931 nomen,
787 1865 867 1938 ete.)
903 1855 1132 1939 cumexpliccnt.
1148 1866 1204 1941 jem
1221 1869 1332 1922 rolatum

271 1941 300 1994 lu
318 1942 358 1996 iris
376 1940 509 1993 llomanse
527 1938 652 1993 Historiae
679 1938 759 1991 initiis
777 1954 870 2009 parum
903 1939 1098 2004 inmortalem
1108 1939 1279 2015 nitunturque
1297 1939 1332 1993 hc

269 2011 319 2067 sibi
346 2010 484 2082 scriptores
507 2009 676 2066 consentiunt.
695 2010 784 2063 Livius
800 2010 870 2064 hunc
904 2028 936 2063 su
945 2049 955 2078 ,
975 2011 1101 2066 Romulus
1118 2012 1146 2066 ia
1162 2014 1236 2068 coelo
1251 2029 1313 2069 cem

270 2084 402 2149 silvium,
420 2081 526 2135 Ascanii
545 2082 629 2137 tilium
645 2080 720 2164 iacit:
731 2081 870 2155 Dionysius
904 2083 973 2137 tolus
991 2101 1085 2137 mcum
1101 2083 1191 2149 ducib·
1208 2091 1235 2139 el
1251 2083 1333 2138 AEscir

269 2156 500 2218 Halicarnasseus,
513 2154 607 2207 AEnea.
626 2152 723 2209 Scribit
738 2154 809 2209 enim
822 2153 870 2207 im·
904 2153 970 2222 nio,
999 2155 1044 2225 qui
1061 2154 1090 2207 in
1107 2155 1243 2225 tragoedia
1264 2165 1333 2226 septe

271 2228 390 2289 siniam,
414 2232 469 2280 tum
495 2242 554 2278 cum
572 2225 633 2279 obiit
651 2225 769 2289 Eueno,
797 2241 870 2296 prac-
903 2227 967 2292 bas,
986 2231 1062 2280 vocat
1079 2225 1143 2278 deos
1158 2234 1283 2296 mapsam
1302 2226 1334 2281 to:

271 2306 416 2370 guantum,
433 2296 539 2352 Ascanii
556 2296 674 2370 privigni
690 2303 760 2351 metu
777 2297 806 2350 in
827 2297 871 2350 sil·
905 2297 1037 2361 menia,
1065 2296 1153 2363 lptini
1169 2294 1245 2359 lilia,
1262 2296 1327 2354 Eu.

271 2390 317 2425 vas
334 2371 436 2441 fugisse
461 2368 493 2422 ad
510 2370 581 2438 regii
597 2368 697 2439 pecoris
715 2369 870 2441 magistrum
904 2369 991 2435 Alta,
1009 2368 1072 2422 AEn.
1091 2369 1119 2424 8.
1137 2372 1183 2434 As.

270 2443 439 2517 'Pyrrheum
458 2442 542 2512 ibique
560 2440 644 2495 filium
660 2441 808 2514 peperisse,
827 2443 871 2495 cui
941 2439 981 2512 (a)
998 2440 1136 2494 Proximus
1155 2439 1333 2509 ille,Precas‚

271 2515 331 2570 iude
348 2513 429 2569 Surio
453 2530 545 2571 nomen
564 2513 636 2568 tuit:
660 2513 799 2568 Ascanium
818 2515 871 2585 pic·
906 2519 1035 2583 proximus
1052 2521 1114 2567 tunc
1134 2515 1161 2566 iu
1178 2512 1268 2581 Elysio
1288 2532 1335 2585 app

271 2594 324 2643 tote
342 2594 439 2642 motum
465 2586 492 2640 in
508 2602 667 2650 sermnem,
694 2584 743 2638 sibi
761 2586 831 2640 huno
850 2587 871 2637 i·
921 2587 950 2642 ui
977 2586 1109 2655 proximus
1133 2592 1189 2638 crat
1206 2584 1286 2640 Silvia
1313 2603 1336 2638 su

291 2679 348 2716 sum
367 2658 476 2713 Silvium
501 2673 676 2715 suoeeasorem
700 2657 869 2729 designasse3
905 2601 954 2709 inii
982 2657 1053 2712 enim
1071 2656 1175 2713 Peneus
1188 2657 1266 2710 enter
1280 2657 1336 2711 dtu

266 2681 329 2790 »iulo
347 2732 404 2788 filio
421 2748 469 2785 suo
485 2728 663 2804 pontificatum
678 2730 818 2784 maximum
825 2729 872 2782 tri·
905 2729 995 2784 ordiuc
1019 2735 1120 2783 tentum
1137 2729 1262 2783 decimus·
1280 2730 1337 2784 terti

272 2806 378 2871 luisse,
395 2822 413 2857 c
431 2820 481 2875 quo
497 2818 561 2874 gens
576 2800 648 2857 Julia
665 2808 867 2872 propugatnest.
904 2803 1049 2870 septimus,
1078 2802 1205 2857 ll'umitnr
1236 2801 1337 2856 decimu

272 2879 402 2934 Albanam
419 2893 515 2929 nomen
531 2872 624 2929 dicitur
635 2874 732 2929 Silvius
742 2890 753 2925 z,
767 2875 828 2945 quia
837 2891 871 2927 cx
905 2874 1006 2927 AEaeas
1032 2872 1130 2928 Saleius
1157 2874 1266 2940 tertius,
1297 2873 1337 2927 'ux

274 2968 306 3002 cn
322 2965 400 3016 reges
416 2946 511 2999 ausui
527 2946 658 3001 communi
675 2944 777 3001 nomine
793 2945 870 3005 silvii
940 2944 981 3018 (3)
997 2943 1025 2997 Si
1041 2963 1172 3014 unquam,
1191 2953 1240 3000 etc.
1250 2945 1270 3015 ).
1287 2892 1338 3007 illu

273 3019 399 3145 lulli
414 3023 686 3145 dissidii
698 3019 871 3159 Ῐῗὲἷὲωὲῗ
905 3016 1339 3160 l‘iiiiiiii‘sdlill‘ffi'd

394 3127 402 3152 a
542 3128 546 3138 ·
806 3129 814 3156 s
861 3118 871 3130 ”

275 3163 336 3235 plici
353 3178 431 3215 sensu
448 3161 611 3230 explicetur3
626 3161 666 3214 vel
683 3177 749 3230 quac
759 3169 815 3229 post
824 3164 869 3216 tu·
905 3178 1017 3233 reguum
1033 3162 1139 3231 cdcptus
1150 3200 1157 3229 ,
1170 3161 1235 3216 illud
1250 3167 1337 3217 tamea

274 3234 412 3289 matmnem
431 3235 510 3301 patris
525 3231 631 3298 oritur;
658 3237 763 3301 tumque
782 3233 870 3286 scribi·
905 3240 930 3286 et
949 3232 1056 3303 triginta
1071 3232 1163 3286 tenuit.

274 3314 318 3358 tur
330 3305 499 3376 posthumo,
522 3320 574 3367 nou
588 3312 729 3374 postumo:
748 3304 788 3356 rel
807 3320 873 3374 quae
942 3304 983 3375 (4)
999 3304 1108 3360 Civili...
1127 3303 1254 3375 quucu).
1274 3303 1340 3359 Coro

269 3388 404 3450 postrema
421 3375 525 3439 oritur,
541 3375 619 3430 etism
636 3374 694 3430 vivo
711 3380 792 3444 pstre3
810 3384 873 3430 tum-
908 3393 923 3428 e
941 3393 1038 3446 qrrcreu
1056 3377 1097 3429 rcl
1113 3376 1173 3431 ilice
1187 3411 1198 3447 ,
1219 3375 1280 3500 puis
1296 3378 1341 3430 alei

275 3469 323 3521 que
350 3448 516 3502 deduciturc
530 3454 612 3517 post,
636 3444 802 3517 postcra'or,
826 3466 876 3520 pn·
909 3465 973 3502 num
995 3447 1064 3515 ritae
1081 3449 1191 3518 glandes
1207 3449 1270 3503 nim
1286 3446 1342 3501 inu

273 3533 387 3579 strenuos
404 3527 431 3576 ct
443 3527 582 3589 postumus
591 3537 604 3581 ‚-
621 3522 649 3570 ut
665 3515 697 3571 sb
714 3527 806 3587 cetra,
825 3539 875 3577 ee·
911 3522 968 3577 ideo
994 3520 1028 3573 iis
1042 3519 1173 3582 dolatur,
1202 3521 1248 3591 qui
1264 3520 1291 3574 in
1317 3538 1342 3590 pr

230 3636 234 3643 ,
273 3594 358 3649 teram
367 3630 380 3660 ,
399 3600 544 3655 sciremus,
566 3589 683 3644 estimes
700 3594 872 3649 eiecturum.
908 3593 1223 3663 servaveranttsimulque
1240 3591 1343 3646 occider

275 3664 304 3718 ln
321 3665 373 3718 hnc
390 3662 752 3717 sentcntiasuuteruditorum
762 3662 873 3734 diligen·
909 3682 958 3718 noc
975 3664 1065 3719 eloco
1082 3664 1210 3719 deturbati
1227 3664 1339 3721 luerent.

273 3739 364 3790 tissimi
381 3739 493 3807 quique:
513 3731 559 3805 qui
574 3733 650 3786 iidem
668 3730 740 3804 ajunt
757 3751 807 3787 usu
818 3737 873 3807 qui-
908 3739 1025 3809 signatur
1043 3736 1165 3797 Albanis,
1177 3736 1223 3808 qui
1239 3736 1270 3789 ad
1288 3737 1344 3790 civi*

275 3812 332 3861 dom
350 3810 475 3876 venisse,
503 3819 532 3860 ut
549 3813 649 3860 mortuo
667 3812 741 3875 patre
757 3807 812 3861 neti
830 3828 873 3880 po·
909 3809 995 3866 varios
1012 3808 1090 3864 urbes
1109 3807 1198 3863 ltaliae
1208 3807 1344 3863 condidere

274 3882 348 3934 sturni
366 3880 529 3957 appellentur
542 3874 554 3945 ς’
570 3895 623 3936 nou
639 3877 700 3950 quis
716 3886 770 3949 post
786 3881 876 3937 liuma-
911 3883 1064 3934 cinxerant:
1081 3898 1192 3952 quorum
1202 3880 1345 3939 ,nominari

275 3955 372 4006 tionem
388 3955 461 4020 nati,
480 3951 524 4005 scd
538 3949 600 4024 quia
617 3968 645 4003 re
660 3967 724 4005 vcra
741 3957 873 4021 poruemi.
911 3959 997 4024 utpote
1014 3954 1121 4007 obscura
1139 3959 1183 4006 aut
1198 3951 1305 4007 incerto.
1326 3954 1346 4008 Il

276 4025 308 4077 Et
325 4043 387 4078 uero
400 4023 529 4096 Virgilius
544 4021 702 4078 aitSilrinm
722 4029 812 4081 natum
828 4045 872 4100 pa-
906 4042 976 4079 nunc
993 4026 1178 4089 lamentans,
1206 4023 1346 4081 miliaribus

275 4102 315 4148 tre
333 4097 478 4165 longaevo,
491 4113 545 4149 non
561 4101 633 4166 petre
650 4099 872 4170 monumenque
906 4097 988 4153 llome
1004 4096 1347 4167 &murmurmurmur

275 4167 381 4220 discedit
397 4169 500 4238 quidem
525 4167 559 4221 ab
576 4183 627 4231 es,
655 4184 734 4238 quam
763 4187 800 4224 cx
814 4171 875 4225 Dio·
909 4168 969 4223 urbs
987 4168 1054 4222 inter
1071 4168 1178 4225 Romam
1196 4185 1227 4229 ac
1244 4168 1348 4224 Praene

277 4240 352 4308 upsio
370 4240 517 4304 attulimus,
530 4237 656 4293 historiae
672 4239 739 4307 fide3
752 4241 796 4295 sed
813 4260 873 4297 curn
908 4241 998 4295 decem
1015 4239 1118 4294 circiter
1144 4239 1300 4295 milliaribus
1325 4234 1348 4294 ul

276 4317 403 4373 exerunt,
419 4312 461 4363 vcl
479 4311 590 4379 ejusdcm
602 4311 725 4365 historiae
743 4314 874 4383 varietas,
909 4318 997 4380 sinus,
1011 4311 1044 4367 ad
1062 4311 1189 4367 orientem
1203 4330 1299 4367 :nunc
1314 4331 1349 4367 ou

279 4382 320 4433 vol
339 4382 438 4447 poetice
455 4382 578 4436 licentio:
606 4399 655 4436 uec
671 4383 780 4448 desunt,
809 4387 873 4455 qui,
909 4392 952 4449 ta,
973 4384 1049 4457 justa
1064 4384 1236 4439 diversorium
1256 4384 1350 4454 publio

280 4461 309 4509 ut
326 4450 449 4509 historiae
467 4455 566 4507 verituti
597 4456 752 4526 consuunt,
769 4457 874 4532 loapac-
910 4474 970 4513 men
988 4463 1029 4512 est
1045 4456 1065 4511 l’
1082 4458 1195 4514 (ister-nir.
1214 4458 1350 4515 ussaw
