2866 5234
303 288 370 365 'sss
680 299 712 359 n
735 255 896 360 stacten
923 297 1092 361 urnuuts

429 403 460 465 st
480 403 552 465 mihi
570 448 577 476 ,
597 420 672 479 quae
691 403 837 482 quondam
858 400 980 470 iuerat,
1002 419 1118 480 queque
1139 398 1288 477 improbus
1309 400 1341 458 iet

431 483 554 546 Exultat
573 483 689 552 fideus.
712 487 735 544 si
757 501 833 544 nunc
854 482 996 543 inretitis
1017 483 1135 560 jurene
1153 497 1161 547 ;

429 564 515 627 Haud
537 564 671 640 equidem
692 565 784 643 pretio
805 554 938 635 inductus
960 565 1116 641 puteroque
1133 560 1255 636 juvenco

349 643 409 705 too
430 645 606 706 venissem:
629 660 681 703 uec
701 645 775 703 duna
798 658 908 701 usurus.
931 642 981 703 Sic
1001 641 1104 702 deinde
1126 640 1263 707 locutus,

435 725 466 784 in
489 724 614 785 medium
639 725 769 798 geminos
790 723 909 781 immani
929 725 1057 799 pondere
1078 728 1175 780 cestus
1195 725 1205 751 ¹

318 813 323 821 “
427 805 577 883 Proiecit:
600 805 705 883 quibus
725 821 792 865 acer
816 802 901 879 Eryx
922 804 950 862 iu
972 802 1082 881 praetia
1101 792 1204 859 suetu's

343 936 346 941 Α
428 883 518 945 Ferre
541 900 684 949 manum,
706 883 834 958 duroque
856 882 1006 942 intendere
1027 879 1147 941 brachia
1170 886 1264 961 tergo.

430 964 613 1043 Obstupuere
633 961 748 1023 animi:
771 969 918 1021 tantorum
939 963 1066 1039 ingentia
1087 966 1201 1039 septem

350 1043 410 1106 tos
429 1046 524 1119 Terga
545 1047 633 1105 boum
655 1043 777 1119 ptumhe
795 1045 888 1102 insuto
909 1039 1046 1121 terreque
1069 1042 1209 1118 rigebant.

428 1127 503 1184 Ante
523 1141 621 1183 omnes
641 1126 738 1198 stupet
757 1122 819 1197 ipse
840 1119 960 1194 Dares,
982 1125 1123 1199 longeque
1144 1127 1284 1182 recusat:
1337 1142 1341 1149 ·

430 1204 687 1281 magnanimusque
708 1202 894 1262 Anchisiades
914 1209 944 1263 et
966 1203 1076 1279 pondus
1095 1246 1102 1271 .
1126 1206 1155 1260 et
1176 1204 1238 1279 ipsa

361 1332 368 1344 .
428 1283 495 1345 nuc
518 1282 585 1345 iiiuc
605 1280 768 1343 vicciorum
791 1284 930 1342 immensa
951 1285 1098 1342 volumina
1119 1266 1226 1341 versat.

430 1365 507 1425 Tum
529 1373 626 1424 senior
646 1360 721 1421 tales
743 1359 889 1422 referebat
908 1367 1026 1439 pectore
1047 1378 1156 1423 voees:

274 1466 279 1477 ·
352 1443 411 1504 toi
432 1443 509 1518 Quid
529 1447 553 1503 si
574 1443 640 1521 quis
661 1445 758 1501 cestus
779 1442 869 1519 ipsius
889 1446 921 1501 et
940 1440 1076 1502 Herculis
1096 1459 1180 1502 arma

436 1523 581 1591 vidisset,
603 1522 779 1594 tristemque
799 1527 812 1556 ²
833 1521 888 1580 huc
909 1523 971 1600 ipsu
992 1523 1022 1581 iu
1045 1521 1132 1582 litore
1153 1524 1302 1599 pugnauit

434 1603 520 1665 llaec
539 1619 694 1679 germanus
715 1600 796 1679 Eryx
816 1601 963 1677 quondam
985 1607 1052 1663 tuus
1072 1618 1153 1661 arma
1174 1601 1304 1676 gerebat.

439 1683 585 1758 Sanguine
606 1685 702 1744 cernis
721 1682 815 1743 adhuc
837 1697 999 1761 sparsoque
1021 1681 1126 1748 iniecta
1148 1683 1278 1742 cerebro.

660 1794 1101 1886 'suranensrartu

270 1951 292 2006 si
310 1967 378 2005 nunc
395 1951 461 2005 matr·
475 1950 573 2005 adesset
592 1951 637 2004 itta
651 1949 792 2022 juventus,
809 1968 876 2023 quae
894 1950 975 2004 ediuit
993 1953 1079 2020 clim,
1096 1958 1123 2003 et
1140 1968 1191 2022 qua
1210 1947 1339 2020 improbus

269 2041 329 2077 eum
346 2021 521 2090 confidentia3
540 2022 702 2077 secessissem
719 2023 760 2077 ud
769 2040 887 2094 pequam
903 2060 923 2088 ,.
936 2040 987 2076 nou
1003 2032 1075 2079 certe
1092 2024 1212 2076 inritatus
1230 2020 1345 2093 praemis

267 2097 399 2170 jureum:
419 2111 467 2147 nec
484 2111 546 2147 curu
563 2094 716 2166 praemium.
734 2093 778 2147 Sic
796 2095 1016 2164 praetendemus,
1044 2095 1145 2166 projicit
1163 2095 1189 2145 iu
1208 2094 1323 2147 medium

270 2167 359 2237 magni
377 2165 512 2236 penderis:
544 2185 604 2222 cum
619 2165 711 2236 quihus
727 2164 801 2238 Eryx
819 2166 912 2219 erdem
937 2165 1037 2220 sciehat
1053 2166 1149 2220 inferre
1167 2184 1258 2219 manus
1282 2166 1309 2217 iu
1326 2180 1347 2234 γ.

270 2239 379 2311 cingere
396 2235 502 2290 brachia
518 2235 582 2292 duro
598 2242 677 2292 ccric.
696 2236 888 2308 obstupuerunt
906 2238 987 2290 animi
1003 2245 1206 2310 spectatorum:
1234 2235 1298 2291 tanti
1313 2252 1347 2290 err

271 2328 384 2384 ponem
401 2315 498 2379 sepiem
514 2326 612 2379 magna
629 2309 700 2363 euris
717 2309 881 2379 rigeseebunt
899 2309 1002 2378 plumbo
1021 2316 1047 2361 et
1063 2306 1134 2361 iarro
1151 2309 1340 2363 insuto.1)ares

331 2382 350 2434 it
366 2398 427 2451 pree
445 2382 536 2434 ceteris
545 2420 554 2447 ,
573 2388 600 2434 et
615 2379 723 2434 multum
741 2381 831 2434 abnuit
844 2399 979 2452 puqnurs:
996 2387 1023 2433 et
1038 2395 1179 2452 generosus
1196 2381 1263 2434 fitius
1282 2379 1348 2433 Auci

270 2398 330 2507 m
340 2453 401 2506 iiiuc
417 2459 442 2507 et
458 2453 555 2523 pondus
572 2458 598 2505 et
615 2455 668 2523 ipse
686 2454 801 2523 iugentia
817 2453 952 2508 involucra
968 2451 1133 2522 ligaminum.
1153 2452 1228 2506 'l'unc
1244 2467 1322 2504 senex
1342 2486 1348 2504 a

270 2524 388 2610 mittebat
404 2541 419 2577 e
437 2531 538 2609 pectore
556 2525 620 2609 istie
635 2525 734 2579 rerba:
755 2521 847 2608 Quid,
869 2527 891 2577 si
907 2524 1001 2608 aliquis
1016 2536 1133 2607 uestrum
1149 2523 1252 2576 vidisset
1269 2530 1348 2576 cestus

271 2597 517 2724 initiatis
532 2594 1347 2743 triittahittattitimiditatis„'sitia‘

272 2885 365 2955 eopia,
385 2885 507 2938 tardiores
521 2885 627 2958 spiritua
648 2892 677 2939 et
692 2887 829 2942 crassiores
845 2904 872 2940 e·
906 2888 1118 2951 totietdreehr'u
1142 2885 1249 2958 palmas.
1272 2900 1298 2937 t·
1318 2883 1349 2946 4⁰

273 2956 370 3008 mittite
399 2956 467 3008 unde
493 2956 576 3030 trigue
592 2966 619 3012 et
634 2965 730 3030 nuper.
749 2958 872 3033 Effeatae
906 2959 1110 3015 semiramem
1120 2956 1262 3012 ortanae.
1274 2971 1300 3009 v·
1313 2954 1348 3016 42

320 3028 376 3098 prie
393 3028 515 3081 dicuntur
532 3031 644 3086 feminae
656 3071 667 3100 ,
694 3048 760 3102 quae
782 3033 872 3086 multus
903 3031 1010 3101 palmas
1031 3027 1254 3087 armentar-mia.
1268 3024 1350 3080 Ludus

287 3108 359 3154 cetus
409 3108 541 3169 perer-unt.
908 3103 977 3156 iuter
1005 3101 1191 3174 antiquissimus
1220 3095 1290 3166 tuit,
1322 3114 1350 3151 ru

310 3169 360 3243 (r)v
389 3179 456 3223 estus
468 3173 488 3230 i.
508 3173 623 3238 Castus,
639 3172 802 3228 chirothecae
818 3193 872 3245 spe·
904 3175 1056 3245 myrtetica:
1075 3176 1103 3227 in
1119 3190 1151 3225 ee
1167 3172 1283 3225 diversus
1302 3189 1318 3225 a
1335 3169 1351 3224 u

274 3242 329 3297 cies
343 3240 468 3313 quaedam
483 3250 549 3296 este
565 3244 626 3297 iuris
642 3244 752 3314 huhuiis,
789 3247 873 3302 tumim
908 3245 934 3297 iu
948 3245 1079 3318 puqa'latm
1098 3260 1218 3299 manuum
1232 3245 1327 3312 peenas

273 3314 352 3368 etiam
369 3328 401 3367 ec
418 3312 486 3367 ierne
503 3314 632 3369 interdum
650 3318 734 3369 insuto
749 3333 756 3369 :
770 3267 814 3375 his
830 3337 874 3389 pu·
907 3317 1065 3384 caederent,
1092 3317 1125 3368 ab
1143 3313 1351 3382 adverbiorum

274 3386 344 3457 giles
359 3385 506 3441 muniebant
533 3401 638 3449 msum3
666 3404 758 3457 aesque
786 3391 873 3474 cubitu
909 3389 1004 3471 metas,
1029 3390 1164 3460 complexu
1180 3385 1352 3456 insertisque.

273 3457 875 3602 tttfitisst·st515¹ith”ittth⁸;
909 3459 1353 3604 wamiam

274 3601 400 3656 deducent
416 3617 433 3654 e
448 3601 546 3669 medo,
564 3599 672 3672 ideaque
686 3602 800 3656 scribunt
817 3622 876 3660 eae·
911 3602 950 3655 ris
979 3607 1005 3657 et
1032 3603 1171 3658 Alcmenae
1204 3597 1279 3667 fitia,
1307 3600 1353 3654 AEu

275 3682 357 3727 stus:
377 3672 466 3727 mutin
482 3674 572 3728 audire
587 3672 692 3727 Festum
718 3679 745 3727 et
760 3673 877 3746 Scalige-
910 3673 950 3728 De
968 3677 1056 3748 Eryce
1072 3673 1127 3728 filiu
1137 3672 1256 3738 Veneris,
1272 3677 1348 3740 atque

274 3760 344 3811 rum,
361 3744 436 3801 Post.
455 3746 473 3801 Ι.
494 3763 577 3815 naa.
596 3744 783 3817 quideducuut
801 3765 818 3800 a
835 3773 877 3806 ar·
908 3763 1037 3817 qeranane
1055 3744 1158 3811 tratre,
1176 3760 1273 3813 supra,
1292 3758 1353 3797 ne

275 3839 320 3873 tres
336 3815 471 3888 antiquina
479 3855 490 3884 ,
513 3818 619 3874 lenm
635 3823 664 3871 et
692 3817 741 3872 hoc
757 3834 775 3871 e
790 3842 875 3878 mre
910 3832 1052 3888 porroctas·
1077 3817 1110 3871 ah
1136 3816 1245 3870 Hercule
1273 3815 1301 3866 in
1320 3813 1354 3866 sir

270 3901 383 3956 pterea,
412 3888 474 3960 quie
494 3906 543 3945 ectr
556 3896 683 3961 punam
699 3897 728 3942 et
743 3894 875 3944 consutum
908 3890 1005 3944 omisca
1020 3890 1073 3956 sit,
1093 3890 1160 3942 haue
1176 3887 1296 3941 afferunt.
1316 3885 1353 3938 tte

275 3962 342 4007 erat·
361 3959 405 4013 Sic
429 3960 495 4032 apud
519 3958 716 4019 numerantem
748 3962 873 4026 stand.
907 3960 961 4016 ciac
976 3960 1077 4015 theriac
1093 3962 1148 4014 sire
1165 3958 1303 4031 Hispaniae
1329 3974 1355 4009 rr

275 4025 363 4080 Venus
378 4031 482 4101 deponit
498 4034 525 4087 in
541 4032 627 4089 siun!
647 4031 757 4089 iunonis
771 4039 873 4089 reaten
907 4050 951 4100 ne,
964 4030 1041 4086 bures
1056 4032 1112 4105 ejus
1125 4049 1184 4086 cum
1198 4030 1224 4084 in
1236 4029 1337 4083 italiam

264 4113 349 4152 'mm
363 4135 372 4165 ο
388 4118 516 4163 “uereor
532 4126 649 4176 susm,
663 4112 791 4177 penetres·
817 4102 873 4159 eds-
906 4120 996 4160 ectum
1010 4122 1076 4159 unus
1091 4104 1172 4158 iorma
1189 4103 1355 4173 praecipuus,

373 4174 441 4253 {⁰¹¹¹
459 4189 553 4243 emer,
577 4172 759 4243 desiderium,
776 4174 877 4230 theti-
909 4192 938 4231 ec
953 4174 1019 4231 tren
1035 4177 1062 4229 iu
1079 4176 1196 4230 Siciliam
1217 4182 1342 4235 euersas,

285 4245 425 4325 equestre,
448 4261 583 4317 omneque
600 4246 636 4303 ed
649 4246 787 4321 capiendas
806 4264 878 4303 meu·
910 4241 997 4319 reptu'a
1014 4255 1072 4316 eat,
1100 4255 1127 4301 et
1144 4248 1177 4302 ab
1200 4243 1357 4299 Herculeis

275 4319 313 4366 tes
331 4321 432 4367 ruerant
455 4316 603 4375 ttteoetnaa.
620 4318 654 4375 tu
669 4334 733 4374 veru
750 4318 877 4390 virg-itit!
911 4321 981 4375 titus.
1000 4320 1067 4374 ilinc
1083 4323 1171 4391 gravis
1186 4320 1254 4371 iuter
1270 4334 1313 4370 eus
1325 4334 1357 4387 pu

276 4382 310 4434 iis
324 4389 419 4466 οοοωω
437 4386 560 4456 caprinis
574 4390 675 4461 serbis,
690 4408 757 4465 quae
772 4391 877 4466 tinguis
909 4390 988 4445 nite
1003 4393 1134 4446 commissa
1141 4432 1150 4460 ,
1168 4406 1278 4462 querum
1289 4389 1358 4444 uitiis

276 4471 393 4531 epprtrue
409 4467 564 4528 eengmnut:
585 4478 610 4518 r.
630 4461 692 4530 864.
708 4463 877 4523 muhat-
911 4463 1030 4521 mersu
1047 4469 1094 4519 est.
