2866 5234
314 300 373 361 stu
528 248 531 259 ¹
671 300 701 358 a.
728 254 1080 363 rtau‘uuusnonts

433 402 623 480 turrigeram
648 405 759 484 placida
781 401 918 464 laxaraut'
933 404 1062 463 membra
1083 401 1179 478 quieto

434 483 495 545 Sub
521 487 607 544 remis
629 486 679 546 iusi
702 503 753 563 per
774 483 844 544 dum
867 483 966 545 sedilia
988 489 1114 542 tractae:

436 562 508 623 Cum
531 567 600 624 levis
619 565 761 626 aethereis
781 564 911 640 delapsus
931 560 1054 623 Somnus
1075 577 1081 600 ¹
1107 561 1143 620 ab
1163 558 1249 620 astris

302 706 305 711 ,
436 647 510 706 aera
532 644 653 706 dimovit
672 646 878 711 tenebrosum,
900 651 930 703 et
948 643 1065 720 dispulit
1085 640 1201 700 umbras
1221 642 1258 700 ’ς

269 785 276 806 ⁸
355 724 415 783 850
434 726 498 795 Te,
523 727 673 796 Palinure,
696 733 817 804 petens,
839 722 890 784 tibi
911 723 1001 783 tristia
1020 722 1129 782 somnia
1149 726 1265 798 portam

439 804 565 865 insonti:
588 809 733 885 puppique
753 806 824 867 (leus
843 805 972 865 consedit
991 804 1020 863 in
1040 803 1123 877 alta,

330 942 334 950 .
437 884 593 946 Phorbanti
616 895 626 923 ³
646 887 771 957 similis,
793 883 924 960 luditque
945 885 999 945 has
1018 894 1068 943 ore
1089 876 1232 961 loquelas:

412 962 415 967 ’
437 964 528 1025 laside
550 966 703 1035 Palinure,
726 963 824 1025 lerunt
844 964 905 1038 ipsa
924 980 1050 1040 aequora
1071 964 1216 1046 classem.
1320 1038 1323 1043 Ι

435 1043 574 1125 AEquatae
593 1049 702 1125 spirant
722 1063 831 1114 aurae,
852 1045 939 1104 datur
959 1043 1028 1103 lrora
1049 1046 1146 1120 quieti.

355 1122 415 1182 8i5
438 1129 516 1187 Putre
536 1134 641 1204 caput,
665 1127 808 1202 lessosque
830 1126 928 1185 ocutus
948 1123 1044 1183 iurare
1065 1124 1168 1185 labori.

436 1207 499 1284 lpse
518 1223 570 1281 ego
591 1205 736 1283 paulisper
756 1224 808 1283 pro
827 1215 856 1264 te
877 1210 925 1263 tua
946 1220 1064 1263 munera
1087 1206 1180 1265 inibo·-

436 1289 491 1349 Cui
511 1288 557 1345 vix
578 1285 711 1345 attollens
731 1282 883 1346 Palinurus
903 1284 1007 1356 lumina
1030 1282 1127 1344 latur:
1171 1298 1181 1337 .'
1219 1282 1223 1287 ’

434 1366 520 1428 Mene
540 1364 609 1426 salis
629 1369 642 1404 ⁴
665 1365 767 1443 placidi
788 1367 898 1424 vultum
918 1363 1081 1442 fluctusque
1101 1368 1211 1440 quietos
1295 1416 1297 1421 .

442 1449 575 1522 ignorare
591 1444 673 1522 jubes
694 1449 709 1507 i
725 1463 810 1505 mene
831 1445 898 1504 huic
915 1442 1063 1504 'confidere
1085 1447 1237 1512 monstrnt

360 1528 419 1587 850
443 1529 561 1586 lineam
583 1530 699 1587 credam
719 1528 786 1603 quid
808 1527 886 1585 euim
907 1521 1059 1584 fallacibus
1080 1528 1204 1599 etrsuis,

438 1609 476 1669 lit
496 1606 567 1668 coeli
586 1609 672 1667 toties
692 1606 829 1684 deceptus
852 1603 953 1665 [raude
973 1606 1097 1664 sereni?

437 1690 516 1747 Talia
536 1689 610 1746 dicta
631 1687 739 1746 dabat:
762 1687 936 1762 clavumque
958 1685 1060 1746 allinus
1081 1691 1112 1743 et
1132 1686 1254 1747 haerens

433 1766 581 1846 Nusquam
604 1769 772 1836 amittebat,
794 1765 953 1843 oculosque
972 1769 1024 1825 sub
1044 1770 1119 1824 astra
1140 1769 1271 1829 tenebat:
1319 1837 1326 1851 ⁸

436 1848 510 1908 Ecce
531 1847 601 1906 deus
623 1866 735 1907 ramum
759 1847 886 1909 Lethaeo
907 1864 972 1906 rore
994 1846 1179 1912 madentem,
1224 1886 1235 1905 .

355 1930 415 1990 855
439 1929 529 2006 vique
549 1934 713 2003 soporatum
734 1926 852 2007 Stygia,
874 1945 962 2004 super
982 1933 1102 2003 utraque
1126 1935 1242 2003 quassat

438 2008 606 2085 Tempora;
628 2012 830 2084 cunctantique
851 2009 977 2066 nanritia
998 2007 1104 2066 lumina
1125 2009 1251 2069 ‘solut

438 2078 494 2148 l'ix
516 2089 626 2164 primos
645 2091 759 2162 inopina
779 2089 862 2163 quies
884 2087 1031 2146 laxaverat
1048 2097 1152 2146 artus:

438 2168 476 2227 lit
496 2166 772 2245 superincumbens,
795 2184 860 2226 cum
884 2169 986 2243 puppis
1006 2175 1090 2238 perte
1112 2172 1245 2246 revulsa,

432 2249 565 2322 Cumque
587 2246 781 2323 gubernaclo.
805 2246 922 2321 liquidas
944 2246 1063 2323 projecit
1086 2250 1112 2305 in
1134 2253 1226 2312 undas

549 2362 554 2373 ·
668 2346 1090 2403 INTERPRETATIO'

273 2446 386 2502 membra
403 2447 539 2519 tranquillo
555 2462 661 2500 muron:
690 2462 749 2499 cum
766 2445 874 2498 Somnus
889 2445 958 2498 celer
976 2443 1092 2515 delapsus
1119 2440 1275 2503 esidsribus
1292 2466 1337 2505 cor

271 2521 359 2572 scuasit
376 2522 461 2573 niuem
476 2518 618 2585 obscurum,
641 2524 668 2571 et
686 2517 786 2587 fugerit
802 2517 942 2571 tenebras:
960 2533 1086 2587 quaerens
1102 2526 1137 2586 te,
1154 2539 1170 2573 o
1188 2521 1324 2589 Palinure;

271 2592 399 2645 innocenti
416 2592 513 2645 somnia
530 2590 646 2645 suumn:
666 2598 692 2644 ct
708 2591 771 2643 deus
785 2590 850 2645 sedit
869 2591 896 2642 in
914 2591 964 2642 alta
981 2607 1079 2660 puppe,
1096 2591 1188 2644 similis
1205 2592 1337 2649 Phorbaut

271 2665 303 2716 lit
319 2681 365 2718 oro
383 2664 459 2717 verbo
477 2665 543 2718 isto:
564 2661 588 2717 0
607 2662 743 2730 Palinure,
762 2659 800 2714 titi
817 2662 886 2729 lesi,
911 2661 991 2731 ipsum
1005 2680 1077 2715 mere
1094 2663 1209 2734 provehit
1226 2683 1323 2733 nurus,

269 2735 434 2876 iiiii&
452 2731 988 2877 miltiiiiiffltliiilliilli
1004 2736 1337 2873 illtafitlliiiil

268 2879 312 2930 vix
330 2879 448 2947 aperiens
463 2880 565 2932 oculos:
585 2877 626 2930 An
644 2879 682 2930 ris
699 2895 739 2931 ma
756 2880 855 2930 nescire
873 2878 967 2933 faciem
985 2879 1115 2949 tranquilli
1133 2880 1212 2935 maris
1239 2890 1266 2938 ct
1289 2882 1337 2936 uuo

269 2956 371 3014 turum,
390 2966 424 3001 nu
440 2968 480 3003 mn
495 2950 574 3004 fidere
590 2941 650 3003 huie
666 2948 798 3003 monstro?
813 2951 874 3022 quid
897 2953 965 3004 enim
981 2953 1134 3005 committam
1148 2952 1256 3006 AEneem
1273 2959 1337 3007 susti

266 3023 344 3098 ptism
365 3020 437 3072 toties
452 3021 570 3093 deceptus
587 3017 676 3074 fraude
693 3023 763 3076 aeris
779 3021 878 3077 sereni?
895 3021 1044 3077 Prolerelont
1062 3025 1124 3075 tutia
1140 3024 1237 3078 verba:
1256 3029 1282 3077 ct
1300 3042 1337 3079 nn

268 3089 368 3145 sercin
384 3094 606 3160 gubernaculum,
625 3093 654 3147 es'
666 3091 776 3160 affixio,
796 3101 822 3148 ct
839 3094 998 3161 adhorrena3
1028 3101 1054 3147 et
1082 3094 1226 3149 intendebat
1251 3096 1338 3150 oculo

270 3165 336 3219 Ecce
353 3161 415 3215 deus
431 3168 526 3217 excutit
544 3180 621 3234 super
636 3167 740 3235 gemina
765 3173 878 3232 tempora
894 3183 992 3220 remum
1009 3183 1121 3237 sponsum
1142 3186 1156 3220 n
1224 3167 1337 3223 muse·

272 3240 355 3290 ratum
372 3235 466 3288 virtute
483 3229 594 3308 Stygiu
613 3243 639 3290 et
657 3237 757 3290 relaxat
772 3240 893 3292 obniteati
909 3240 994 3292 oculos
1009 3238 1147 3293 fluitantes.
1191 3240 1217 3291 ix
1236 3256 1338 3293 somnus

270 3312 439 3377 occupaverat
457 3309 539 3375 prirnn
557 3308 687 3361 membra:
717 3313 742 3359 et
760 3310 849 3363 rtatim
864 3312 929 3364 deos
944 3330 1019 3381 super
1036 3313 1164 3376 innitens,
1193 3311 1313 3382 impulit,

271 3381 361 3451 puppis
377 3377 482 3432 effracto
498 3386 525 3430 et
541 3395 601 3432 cum
618 3379 810 3450 gubernaculo,
825 3380 900 3436 s'llnm
915 3400 1021 3452 pronum
1039 3385 1064 3435 in
1082 3383 1162 3436 undas
1177 3382 1302 3454 liquidas,
1320 3396 1339 3437 ez

303 3521 343 3595 (ι)
359 3520 488 3591 Somnus)
511 3521 550 3576 De
567 3539 620 3587 co,
639 3519 742 3595 ejsuque
753 3521 862 3592 iusigni-
895 3523 1015 3577 nominis:
1028 3525 1146 3597 interque
1162 3525 1228 3577 alios
1243 3541 1308 3577 tenus
1324 3542 1339 3577 e

269 3592 334 3660 bus,
351 3593 414 3648 AEn.
433 3593 459 3649 6.
477 3591 544 3667 893.
564 3594 700 3667 Deloprur
716 3597 748 3650 ob
763 3596 858 3648 nstris:
896 3597 953 3648 mi:
982 3595 1013 3648 do
1030 3615 1080 3667 quo
1109 3598 1152 3652 iric
1174 3613 1322 3650 sermonem

267 3665 291 3716 id
309 3670 366 3732 est,
387 3684 422 3721 sn
438 3669 524 3735 oc'rs,
542 3682 588 3736 per
605 3682 681 3737 quem
696 3671 816 3737 vagatur,
834 3671 862 3718 ut
897 3667 1053 3720 Hortensius.
1072 3672 1174 3736 locrus,
1190 3668 1318 3740 trojanus
1335 3687 1340 3720 r

268 3738 341 3791 saria
368 3735 515 3791 hominibus
532 3738 632 3793 somnia
650 3738 784 3799 immittat:
803 3754 862 3791 oum
897 3746 937 3791 ter
954 3745 997 3791 aut
1016 3757 1077 3794 arus
1092 3742 1220 3797 Palinuri.

267 3811 338 3863 enim
355 3811 438 3864 noctis
452 3811 486 3864 rit
501 3808 580 3877 iilius,
591 3818 617 3863 et
633 3810 732 3864 habitet
747 3810 812 3880 apud
825 3809 862 3861 in·
932 3812 973 3882 (q)
989 3817 1038 3865 etc.
1052 3811 1070 3882 ).
1090 3812 1127 3865 De
1144 3814 1222 3878 sale,
1240 3830 1289 3882 pru
1306 3830 1340 3865 rna

265 3878 356 3946 ieros3
375 3899 408 3934 ex
419 3883 494 3935 utris
510 3882 792 3952 etcoelodescendere,
803 3898 864 3954 qut·
898 3883 962 3945 54¹·
981 3883 1017 3935 lle
1036 3885 1163 3950 Austris,
1180 3887 1263 3937 ventis
1276 3886 1341 3938 meri

270 3952 291 4000 si
309 3970 324 4003 c
343 3955 447 4023 proprio
462 3953 521 4008 sede
539 3971 592 4008 non
612 3961 703 4026 potest.
896 3954 956 4010 Ecl.
975 3971 1001 4006 s.
1023 3955 1067 4007 58.
1085 3955 1235 4024 Deciano,
1255 3957 1341 4011 manui

302 4022 342 4091 (a)
360 4025 469 4096 Dispulit
486 4026 616 4099 umbras).
635 4026 683 4081 vet
711 4027 862 4099 simpliciter
896 4026 994 4091 noculi,
1012 4044 1099 4097 supro,
1120 4046 1178 4099 ¹77·
1197 4029 1235 4082 De
1251 4031 1341 4084 Leito<

268 4100 364 4146 motum
380 4099 503 4166 exprimit
521 4100 630 4164 uolantis
650 4099 714 4166 dei,
730 4102 774 4171 qui
791 4105 862 4152 tene·
900 4099 971 4152 sonte
988 4103 1055 4170 apud
1072 4097 1168 4153 inferos
1183 4098 1342 4169 oblivionem

267 4165 372 4217 brorum
388 4174 474 4224 aerem
492 4170 541 4224 atis
553 4172 637 4226 findis:
655 4170 704 4225 Vel
719 4171 864 4244 siguificat,
899 4171 998 4241 Georg.
1024 4190 1047 4224 1.
1067 4170 1111 4240 78.
1126 4178 1153 4224 et
1173 4171 1232 4225 En.
1255 4175 1281 4223 ti.
1301 4175 1342 4246 poi

266 4241 354 4318 aerem
372 4237 404 4288 ab
419 4257 451 4291 eo
467 4244 546 4296 etiam
563 4243 704 4297 cluriorcm
721 4243 846 4297 redditum
852 4280 863 4307 ,
896 4261 953 4313 pe,
971 4242 1050 4295 fluvio
1066 4243 1144 4295 etiam
1162 4241 1285 4309 inferno,
1305 4245 1341 4299 Ε

265 4313 292 4358 ut
310 4323 364 4377 opus
380 4309 478 4364 insueta
505 4316 629 4371 samnitas
649 4314 775 4370 Palinuro
795 4313 863 4369 irau-
932 4315 972 4385 (⁵)
992 4311 1343 4385 nstantialumtntmmu

260 4379 319 4431 dern
338 4379 443 4433 iaceret.
802 4430 805 4437 ‚
897 4403 965 4441 nunc
984 4385 1156 4454 aperiuntur,
1185 4405 1253 4439 nunc
1276 4388 1343 4451 elcut

300 4449 338 4520 (3)
356 4451 531 4523 Phorbanti).
554 4456 629 4509 Mulli
658 4457 760 4512 suerunt
789 4456 863 4527 hujus
893 4457 1097 4530 pobrrnncnlo,
1116 4475 1209 4529 supra,
1228 4477 1253 4512 u.
1277 4477 1337 4532 app.
