2866 5234
521 326 527 335 “
636 345 838 413 canuntur
862 345 936 408 cre.
961 347 985 408 t.
1035 348 1038 352 ·

371 451 451 510 Turn
471 448 585 526 laqueis
605 455 725 526 captare
746 448 850 517 ieras,
872 453 904 508 et
924 447 1029 508 tallere
1050 450 1133 507 risco

297 531 355 594 l'eb
377 531 556 591 truentuur:
579 534 610 588 et
630 546 752 608 ningues
772 531 892 589 canibus
912 524 1099 589 circumdare
1120 530 1213 589 saltus

372 616 470 688 Atque
491 611 565 667 otius
587 610 679 669 latum
699 609 791 669 lurida
812 607 902 687 ¹jarn
924 611 1062 669 uerberat
1084 626 1204 669 urrruoru

373 696 440 752 Atta
463 694 584 766 petens,
608 692 771 766 pelagoque
792 690 868 749 alius
889 686 980 747 trabit
1002 684 1123 747 linurida
1146 690 1216 748 tiuu.

379 771 454 831 'l'eru
476 770 548 827 lerri
571 770 650 843 rigor
672 778 712 839 ¹,
736 777 824 846 atque
846 773 969 843 argutae
990 771 1097 827 larnina
1119 786 1222 829 serrae

373 850 461 927 (Natu
480 850 568 925 prirni
588 852 690 909 cuneis
710 850 881 909 scindebant
902 848 994 907 ttrstte
1016 847 1142 926 liguum]

298 930 358 993 ltu
379 930 456 991 'lum
476 932 579 989 variae
602 946 712 989 uenere
734 936 825 988 artes.
848 926 947 987 Labor
968 932 1067 987 ourrria
1088 930 1181 989 uincit

374 1008 531 1087 improbus
554 1010 595 1079 ³,
618 1015 648 1068 et
669 1008 751 1067 duris
773 1024 881 1085 urgeos
904 1009 932 1065 in
954 1007 1042 1067 rebus
1062 1014 1191 1085 egestas.

372 1087 473 1151 Prima
491 1088 588 1151 ,Ceres
607 1090 621 1140 ⁴
638 1085 716 1147 terro
739 1089 881 1146 mortales
904 1094 1023 1146 vertero
1043 1092 1154 1149 terram

378 1169 532 1238 instituit;
555 1185 622 1229 oum
640 1165 702 1245 jam
724 1167 846 1243 glandes
867 1172 955 1242 atque
976 1166 1081 1226 arbuta
1102 1186 1217 1229 caereo.

373 1248 542 1309 Delicerent
563 1249 678 1313 silvae,
702 1254 734 1307 et
755 1249 865 1306 rictum
885 1246 1005 1305 Dodona
1028 1251 1161 1321 negaret.

294 1329 353 1392 150
373 1328 445 1391 nox
465 1334 496 1389 et
517 1328 672 1387 lrurnentia
694 1326 778 1385 labor
799 1326 938 1387 additus:
962 1333 995 1385 ut
1015 1326 1093 1385 rnula
1113 1330 1228 1387 culmos

375 1407 463 1467 Esset
484 1410 586 1485 rubigo
608 1404 646 1476 ⁵,
670 1410 831 1481 segnisque
853 1408 990 1466 horreret
1012 1409 1041 1466 in
1062 1409 1155 1466 ereis.

373 1487 528 1549 Cerdone:
551 1492 700 1546 intereunt
719 1496 856 1562 segetes,
877 1488 957 1545 subit
976 1500 1082 1564 aspera
1103 1488 1176 1544 silve
1198 1482 1241 1561 ⁸,

375 1567 580 1644 Lappaeque,
603 1564 763 1644 tribulique
783 1578 825 1635 ἰς
848 1569 984 1642 interque
1006 1569 1126 1629 nitentia
1148 1568 1226 1626 cirita

378 1644 482 1709 lutetia
504 1647 608 1707 lolium
628 1650 659 1707 et
679 1646 794 1706 steriles
814 1647 1003 1707 dominentur
1024 1662 1145 1705 arenae.

299 1724 358 1786 155
378 1726 463 1797 uuor
487 1727 542 1787 uisi
564 1732 594 1785 et
615 1726 741 1785 assiduis
764 1729 876 1785 terrant
899 1728 1082 1786 insectabere
1104 1728 1229 1794 rustris,

377 1808 416 1868 Et
438 1812 537 1869 sonitu
559 1808 687 1867 terrebis
710 1822 803 1875 aves,
825 1810 857 1864 et
878 1808 953 1865 ruris
974 1808 1058 1882 opaci

607 1919 1081 1973 tuuuuruuuauto

211 2025 343 2098 Lycaonis
354 2026 450 2094 filices.
464 2025 542 2081 Touo
555 2033 686 2096 repertum
698 2032 735 2078 est
749 2042 844 2094 capere
854 2026 922 2078 teras
935 2024 1044 2095 laqueis,
1058 2032 1083 2079 et
1095 2022 1216 2094 decipere
1227 2020 1309 2087 risco3
1322 2027 1350 2075 st
1361 2018 1400 2075 oia

210 2100 318 2152 canibus
330 2108 441 2165 magnas
451 2096 538 2151 silvae.
550 2098 583 2150 Et
591 2097 648 2169 jam
659 2096 725 2149 ulios
739 2097 842 2168 projicit
854 2094 994 2149 reticulum
1009 2097 1035 2146 in
1049 2096 1128 2148 latum
1139 2094 1259 2158 dusinus,
1281 2110 1310 2148 se
1319 2108 1400 2147 eon!

210 2171 263 2223 alto
273 2172 383 2237 sscoiop
396 2175 421 2218 ot
433 2167 502 2219 alius
515 2169 594 2220 trabit
606 2186 622 2220 e
633 2168 701 2221 mari
714 2167 779 2221 retia
794 2169 910 2220 humide.
925 2167 1001 2220 l'orro
1013 2167 1087 2220 serait
1101 2164 1211 2219 durities
1230 2164 1293 2219 ierri
1306 2201 1316 2231 ‚
1328 2174 1357 2219 et
1375 2166 1399 2217 ia

209 2257 298 2295 serrae
309 2238 440 2291 stridentis
453 2242 526 2300 {narn
540 2238 650 2311 majores
663 2236 811 2292 diridebout
821 2240 911 2291 cuneis
920 2238 1022 2309 iignum
1033 2236 1135 2306 lissile).
1148 2237 1226 2291 ‘l'uue
1236 2238 1325 2290 sarias
1334 2244 1400 2290 artet

210 2314 321 2364 dierunt.
337 2310 448 2378 Magnus
460 2310 534 2363 labor
545 2320 652 2380 superat
663 2312 764 2377 omnia,
776 2319 801 2364 et
814 2312 952 2364 necessitas
966 2326 1064 2379 urgens
1075 2310 1102 2361 iu
1115 2325 1202 2363 reram
1214 2309 1315 2383 inopis.
1330 2308 1400 2362 Cere

211 2401 255 2434 rua
267 2383 353 2434 docuit
366 2382 479 2435 homiues
492 2398 596 2436 mosera
608 2390 703 2435 terram
716 2381 783 2434 [erro
794 2400 803 2441 3
816 2400 875 2435 euru
891 2382 941 2433 'um
954 2380 1066 2452 glandes
1078 2388 1103 2433 et
1115 2380 1211 2436 arbuto
1222 2396 1300 2434 saera
1311 2380 1397 2433 sitne

210 2464 310 2517 errent,
324 2460 349 2505 et
363 2453 471 2507 Dodona
483 2461 616 2507 recuseoet
628 2451 709 2506 cibos.
727 2454 833 2506 Deirnte
846 2400 937 2505 adrine
950 2460 987 2505 eet
1000 2452 1119 2520 frugibus
1131 2451 1262 2505 murias
1273 2451 1390 2505 laboris:

208 2544 254 2595 pe,
267 2533 298 2577 ut
310 2525 387 2577 noxia
401 2524 494 2593 rubigo
506 2525 654 2578 absumeret
665 2525 786 2587 calamos,
796 2534 824 2578 et
834 2526 948 2579 earduus
958 2523 1060 2577 inutilia
1074 2523 1236 2577 borresceret
1249 2525 1275 2577 in
1289 2523 1383 2594 agris:
1398 2546 1400 2553 ·

210 2606 249 2649 tes
260 2596 428 2659 emoriuntur,
442 2594 560 2650 succedit
571 2598 647 2666 copia
660 2596 805 2649 herbas-anu
817 2611 986 2666 asperorum,
1002 2601 1030 2645 et
1044 2595 1138 2662 lappae
1151 2630 1160 2658 ,
1173 2606 1198 2646 et
1212 2594 1302 2648 tribuli
1315 2630 1325 2661 ,
1338 2600 1366 2646 et
1379 2591 1400 2645 ir

210 2667 313 2751 lolium,
325 2667 475 2750 sterilesque
487 2684 590 2721 avenae
601 2672 717 2789 referat
728 2682 851 2750 peruersa
859 2667 982 2736 pinguia.
996 2664 1069 2731 Quod
1084 2681 1100 2715 n
1106 2667 1138 2717 isi
1148 2671 1174 2717 el
1186 2665 1289 2719 assiduo
1301 2671 1400 2748 terrare

210 2740 316 2796 euodes
328 2746 438 2812 restris,
451 2751 477 2795 et
490 2745 587 2795 terreas
599 2755 632 2795 ro
642 2752 716 2793 ueras
727 2746 809 2794 souitu
822 2774 831 2807 ,
844 2746 872 2791 et
883 2746 1000 2810 amputes
1010 2735 1078 2794 tue·
1089 2750 1177 2794 ramos
1188 2738 1313 2792 arboreas
1331 2750 1400 2789 runs

197 2888 413 2956 Arctophylarrus
425 2888 741 2942 usutatuaeatddinortlrss
749 2886 830 2957 ans-
861 2886 930 2953 spud
947 2888 1075 2937 nomano·
1093 2884 1211 2955 Robigus
1226 2888 1300 2947 derra,
1317 2892 1343 2936 et
1356 2882 1399 2935 lto

198 2956 249 3019 plu
267 2956 313 3001 suit
334 2971 347 2999 e
364 2956 507 3005 nutricibus
522 2952 595 3004 ioris
616 2953 643 3002 in
669 2954 734 3018 grati
750 2953 828 3005 aniuri
862 2952 1306 3017 fretaxdiatblajasodarerterulsnr
1314 2953 1400 3017 bs'ncp

199 3018 374 3069 testimonium
397 3036 428 3071 eo
452 3019 582 3072 nanrtrn.
607 3018 644 3072 De
666 3020 763 3087 majore
788 3018 830 3070 bic
896 3021 936 3079 (ti)
954 3024 1050 3082 Aspen
1060 3016 1145 3078 siles.)
1160 3020 1304 3086 usurpatur
1321 3024 1347 3067 et
1357 3032 1400 3083 prr

197 3100 281 3133 scruto
298 3091 344 3131 est.
862 3081 1075 3138 dierrbtrs,drrr.ro
1085 3088 1234 3149 proditores
1243 3096 1400 3148 pertusurae

234 3150 274 3209 (r)
287 3149 306 3196 F
310 3148 398 3209 nuda)
410 3146 551 3199 Reticnlurn
564 3155 601 3198 est
612 3148 681 3217 quod
692 3149 718 3199 in
732 3164 829 3200 amoena
862 3150 912 3199 Pro
929 3149 1042 3214 capillis,
1058 3148 1125 3213 apud
1143 3150 1307 3215 sciren-lup
1322 3149 1361 3198 t3.
1378 3146 1400 3197 b

197 3214 353 3280 projicitur,
370 3214 535 3276 ajnndenn'o
552 3213 657 3274 dictum,
676 3214 758 3280 inquit
776 3216 831 3263 Scr-
862 3216 948 3263 sicone
963 3216 1027 3261 sileo
1038 3229 1134 3263 wentae.
1154 3215 1202 3265 Pro
1218 3213 1390 3277 teguminibus

201 3278 271 3341 vius,
289 3277 380 3327 tnrliua
396 3293 411 3326 a
420 3278 523 3344 frendo,
541 3286 569 3325 ut
587 3280 830 3343 'sonlnnonnussug-
863 3275 1173 3345 v.76·Tr·s'sn'sqrsetrspr'sss'
1182 3282 1315 3331 sustuleris
1322 3278 1400 3345 serem

201 3346 278 3410 gerit.
297 3340 412 3400 Hrrpn'da
429 3343 593 3403 tissa.)1ictia
610 3362 623 3391 c
641 3344 693 3391 lino
704 3350 830 3393 couteala.
863 3344 1101 3407 traiecturumque
1118 3358 1259 3394 rossensem.
1268 3344 1317 3396 Pro
1328 3342 1400 3393 verbis

233 3412 276 3471 (a)
293 3409 370 3459 Ferri
388 3408 477 3473 rigor.)
496 3410 543 3455 Ars
561 3406 700 3457 indurandi
718 3407 788 3465 ferri,
806 3412 832 3456 et
864 3408 1160 3459 cieruueorarunot.
1174 3413 1237 3458 sr'tea
1255 3425 1340 3460 sernas
1356 3422 1400 3458 es.

198 3476 247 3526 eub
265 3478 313 3524 bec
330 3476 414 3543 specie
424 3480 490 3523 artes
502 3471 642 3522 metallicae
655 3488 740 3524 enarre,
751 3473 834 3539 expri—
866 3473 1400 3537 tiamnecomponendaesclpitursignitirs

197 3552 314 3591 inuritur.
867 3540 942 3590 letise
958 3576 965 3599 ,
981 3554 1080 3601 coptum
1098 3538 1234 3588 sunitarum
1253 3556 1347 3589 terrim.
1360 3538 1392 3587 Et

231 3608 271 3669 (3)
292 3602 450 3673 improbus.)
468 3603 498 3652 td
517 3602 639 3667 cat‚justa
651 3600 836 3664 Servium,ssn·
867 3604 916 3656 uit.
935 3613 962 3655 ot
978 3609 1065 3672 poetae
1080 3605 1220 3677 congeriem
1240 3606 1388 3655 breviorum

196 3686 286 3739 gerres
307 3675 379 3740 juata
397 3666 576 3737 Pomponium,
591 3668 742 3718 continerer:
760 3671 831 3733 juxte
865 3678 936 3729 turn,
951 3668 1046 3719 diser-si
1064 3669 1184 3717 carmanis
1202 3678 1228 3718 ct
1244 3670 1400 3734 sigrrmruti',

198 3739 359 3800 Ascensiuur,
377 3738 480 3787 modum
499 3732 622 3789 nesciens,
640 3739 664 3783 ct
680 3733 750 3798 quasi
763 3735 833 3782 insa-
867 3739 1002 3785 vocareuts
1020 3734 1096 3783 inrsno
1106 3733 1283 3798 etsiupuletiru
1296 3750 1396 3787 surinus

198 3802 318 3852 stabilis.-
336 3806 406 3869 juxta
425 3798 565 3857 Rarniaern,
581 3797 748 3862 improbarunt
761 3799 832 3862 juata
884 3802 983 3865 uodque
995 3802 1091 3849 sitium.
1104 3800 1181 3848 'l'ales
1191 3798 1400 3851 truberssuab'tnt'ti⁴

198 3864 263 3913 salios
278 3901 286 3924 ,
304 3861 485 3921 incommodus,
503 3868 661 3928 importunus
676 3900 683 3924 ,
700 3862 840 3930 diffinire.-
864 3818 1000 3925 &iturorum
1018 3862 1097 3913 libror
1112 3863 1237 3931 quiesque.

198 3928 295 3979 Eodem
311 3949 397 3983 omnes
411 3933 466 3984 t'rre
479 3927 834 3993 recidunt.Sic.Aru.sa·687.
902 3932 943 3994 (7)
960 3930 1124 3995 coppo-quo,
1142 3930 1301 3995 tribulique,
1318 3931 1381 3991 etc.)
1398 3966 1400 3975 r

198 3990 297 4043 Fertur
310 3996 341 4045 a'u
359 3998 492 4063 obsaeptum
508 4011 603 4063 magno
620 4010 693 4045 mores
704 3994 834 4059 improbus
871 3992 989 4063 toppum
1008 3995 1032 4044 br
1040 3991 1084 4042 rba
1094 3993 1205 4061 capitula
1219 3995 1300 4045 serens
1312 3994 1393 4045 tramis

197 4069 272 4109 actu·
552 4110 555 4115 ,
887 4075 933 4108 cae
946 4059 1054 4108 aestibus
1066 4061 1280 4122 praetereuntium
1291 4058 1398 4110 edissere

232 4120 276 4186 (il
297 4119 379 4172 Prima
397 4123 497 4197 (lem.)
515 4125 600 4192 Supra
616 4140 641 4175 r.
656 4139 694 4190 ¹9·
707 4123 834 4186 Averno.)
867 4075 952 4182 intus,
964 4121 1040 4174 brrba
1059 4122 1119 4173 item
1138 4122 1244 4175 lloribus
1260 4124 1390 4175 aculeatis.

201 4189 314 4239 Fructus
330 4186 424 4245 arbuta,
435 4189 559 4242 celsus.
567 4190 688 4241 Dodona.
699 4188 712 4254 )
725 4188 794 4241 Silre
804 4189 832 4238 iu
865 4189 968 4251 tributo,
981 4199 1046 4237 mser
1058 4188 1145 4237 der-bn
1156 4189 1400 4253 spirrosa.l.on'ues,t

199 4250 292 4319 Epiros
312 4267 388 4313 sopra
406 4255 457 4305 ab.
469 4263 492 4303 et
505 4257 628 4322 Eripe&
866 4254 952 4317 tegle.
971 4250 1092 4304 Niteuric
1109 4256 1212 4316 cetto.)
1231 4257 1299 4306 [oca
1317 4258 1387 4305 culta

236 4317 278 4377 (5)
296 4316 402 4381 Rubigo.
434 4318 495 4367 Vrtii
513 4336 588 4383 genus
604 4357 610 4381 ,
628 4336 679 4388 qno
704 4320 781 4372 culmi
796 4320 837 4372 ui·
869 4319 950 4383 guia:
969 4330 1051 4369 stetere
1066 4319 1133 4367 ruiur
1149 4317 1399 4386 dicuntursulgoqr

201 4386 335 4453 preerunt,
352 4400 382 4428 ur
415 4382 451 4429 irs.
471 4382 509 4431 Ea
527 4384 615 4436 asebnia
641 4387 754 4438 nascitur
769 4406 777 4435 ε
795 4387 835 4436 sel
863 4401 917 4449 ,pus
933 4392 1001 4434 sunt.
1019 4384 1077 4436 Pari
1095 4384 1176 4434 torma
1193 4385 1260 4437 dicet
1275 4384 1399 4448 inl‘rs‚r.³

201 4464 234 4497 ex
252 4445 338 4512 pluere
358 4452 402 4494 sut
414 4461 486 4521 roro,
503 4463 561 4496 cunr
578 4467 591 4496 e
608 4452 676 4516 spica
695 4468 747 4503 uon
763 4452 836 4501 decu·
865 4462 942 4513 perea
957 4464 1048 4502 semus
1061 4485 1070 4517 ,
1094 4448 1158 4503 idest
1175 4452 1257 4517 aprus
1279 4452 1346 4504 aeris
1370 4468 1400 4507 sc

201 4514 289 4578 titur,
305 4510 350 4564 red
366 4507 436 4563 Solrs
452 4520 605 4574 superventu
621 4518 752 4580 putrescit.
770 4516 835 4565 ltine
866 4521 966 4580 spirtu.
