2866 5234
482 284 690 386 'aunamos
712 321 783 383 ma.
807 321 843 381 v.
1190 312 1249 376 ssa

226 428 297 492 ttba
316 427 395 507 pedis
415 434 451 497 ¹,
472 428 655 564 irontempue
675 432 821 486 ostentans
842 423 949 483 arduus
970 420 1074 482 albam.

229 510 308 569 Alter
327 510 421 583 Atys.
444 524 536 584 genus
558 523 596 564 uu
616 525 633 565 e
654 508 713 566 lltti
733 513 746 541 ¹
766 506 875 564 duxere
898 502 999 562 Latini.

229 588 336 651 Parrus
351 581 452 664 Ἀιγι.
474 603 624 665 pueroque
646 603 716 664 puer
736 584 855 645 dilectus
878 580 939 644 liilo
959 590 980 637 ³.

148 666 207 726 bid
229 665 388 728 Extremus
409 663 563 744 lormaque'
579 673 648 726 ante
667 683 767 726 amnes
791 663 912 742 pulcher
934 661 1014 725 liilus

225 748 343 808 Sidonio
361 750 408 807 est
427 747 557 808 invectus
578 763 679 824 equo:
701 763 789 823 quem
809 740 929 804 candida
950 742 1025 804 Dido

211 827 298 888 ‘Esse
317 827 361 887 sui
384 825 505 887 dederat
524 828 735 886 monimentum
755 834 784 886 et
805 823 907 902 pignus
927 821 1044 883 amoris.
1104 898 1110 909 ι

225 909 347 969 Caetera
368 905 527 968 Trinacriis
547 907 636 985 pubes
655 906 778 969 senioris
797 905 920 965 aceiae
942 905 955 941 ⁴
1018 918 1023 925 ·

227 988 329 1048 Fertur
349 987 442 1062 equis.
702 993 707 1001 “

146 1067 205 1129 575
226 1067 381 1142 Excipiunt
400 1066 504 1142 plausu
526 1065 647 1144 pavidos
667 1073 700 1134 ⁵,
722 1064 903 1142 gaudentque
925 1068 1036 1124 tuentes

183 1173 189 1181 ·
226 1146 425 1218 Dardanidae,
447 1151 638 1223 veterumque
656 1153 816 1223 agnoscunt
837 1160 888 1203 ora
909 1150 1062 1222 parentum
1082 1148 1105 1199 ⁸.

223 1229 380 1304 Postquam
401 1244 517 1287 omnem
539 1228 606 1287 laeti
628 1225 975 1302 consessumocuiosque
995 1238 1115 1284 suorum

226 1306 398 1368 Lustresere
418 1310 447 1369 in
467 1311 574 1382 equis:
597 1309 711 1382 signum
732 1304 857 1364 clamore
878 1306 987 1382 paratis
1020 1380 1023 1385 Ι

225 1383 469 1465 Epytidas'longe
488 1386 589 1455 dedit,
613 1386 799 1455 insonuitque
819 1380 957 1457 flagello:

147 1466 206 1528 580
227 1465 284 1527 Olli
305 1466 469 1526 discurrere
488 1484 599 1545 pares.
622 1476 708 1541 atque
729 1464 841 1538 agurius
863 1466 937 1523 terni

226 1547 354 1608 liiductis
368 1546 488 1606 solvere
508 1546 632 1605 choris:
657 1559 817 1618 rursusque
838 1547 932 1602 vocati

470 1690 888 1748 russatusrarto

63 1828 200 1898 primorum
217 1824 310 1894 pedum
325 1823 429 1877 candidi
446 1833 530 1888 aaut,
548 1829 574 1875 et
591 1821 671 1892 erigit
692 1822 803 1876 lroutem
818 1820 963 1877 candidam.
981 1820 1113 1875 Secundus
1131 1823 1190 1876 dae
1205 1829 1241 1878 cst
1260 1823 1294 1877 A·

63 1907 120 1971 tps,
138 1914 154 1949 a
172 1913 221 1967 quo
238 1895 301 1948 arrii
320 1894 404 1947 Latini
421 1894 517 1948 ducunt
533 1893 679 1965 originem:
699 1911 793 1964 parem
810 1893 894 1966 Alpe,
917 1897 943 1945 ct
962 1910 1025 1962 puer
1040 1909 1116 1947 carus
1132 1910 1210 1961 puero
1227 1894 1293 1949 lialo.

63 1970 176 2024 Ultimus
192 1966 279 2033 liius,
299 1975 324 2020 et
342 1983 403 2037 prae
419 1967 535 2020 erunibus
557 1963 707 2034 spectabilia
723 1976 833 2037 propter
848 1963 1084 2034 pulchritudinem,
1112 1966 1239 2034 impositus
1256 1974 1295 2019 est

61 2058 129 2111 equo
144 2038 265 2093 Sidonio:
283 2055 356 2109 quem
373 2036 561 2108 palcbrarliido
578 2035 682 2090 dederat
699 2037 727 2089 ρι’
735 2076 744 2102 ,
764 2048 793 2091 ut
811 2043 874 2091 esset
892 2037 1074 2091 monimentum
1090 2042 1115 2088 et
1129 2037 1295 2090 testimonium

61 2113 100 2164 sui
117 2111 220 2163 amoris.
240 2109 347 2180 Reliqua
363 2109 481 2182 juventus
499 2110 600 2161 vehitur
619 2109 690 2180 equis
706 2108 798 2162 Siculis
823 2109 889 2163 senis
907 2109 1023 2162 Acestae.
1041 2108 1146 2180 TroJ'eni
1174 2109 1296 2180 recipiunt

60 2201 121 2238 cuns
139 2183 226 2251 plausu
243 2199 292 2235 roa
310 2183 342 2235 de
357 2182 447 2252 plores
464 2181 584 2234 sollicitos
600 2187 628 2234 et
646 2185 772 2234 laetantur
793 2200 840 2235 eos
858 2179 985 2244 ridendo,
1005 2187 1031 2233 et
1059 2189 1198 2251 agnoscunt
1214 2182 1295 2234 rullus

59 2255 217 2324 antiquorum
235 2259 345 2323 patrum.
364 2255 495 2324 Postquam
514 2254 571 2306 laeti
589 2252 749 2306 circuierunt
765 2253 901 2323 equitando
919 2269 1017 2306 omnen
1036 2253 1184 2305 concionem
1196 2263 1222 2306 et
1233 2269 1292 2306 oon-
1355 2314 1359 2319 Ι
1399 2257 1402 2263 “

60 2333 170 2394 spectum
187 2342 311 2379 auorum:
330 2327 419 2397 procul
438 2325 557 2399 Epytides
572 2324 643 2378 dedit
662 2326 760 2396 paratis
776 2343 877 2397 signum
893 2324 1017 2388 clamore,
1033 2330 1060 2376 et
1076 2327 1162 2377 sonuit
1179 2325 1291 2398 flagello.

59 2396 99 2450 lili
116 2405 283 2458 excurrerunt
299 2397 380 2453 dieat
396 2415 486 2467 perca,
508 2397 601 2450 deinde
619 2404 672 2450 tres
688 2400 770 2452 duces
787 2397 944 2450 diremerunt
961 2413 1054 2467 agmen
1067 2402 1094 2451 r'n
1104 2404 1232 2468 separatas
1242 2404 1292 2448 tur-

60 2555 91 2590 ro
105 2535 270 2606 describitur,
289 2539 363 2594 tttad.
382 2540 425 2597 ai.
444 2541 507 2605 455.
528 2548 594 2594 totus
612 2559 654 2592 ru-
689 2548 792 2664 ffitum
809 2538 900 2591 deinde
924 2539 1088 2613 appellatum.
1108 2539 1189 2619 liudp,
1210 2554 1296 2592 emen·

59 2601 119 2676 tias,
134 2616 161 2664 et
176 2610 234 2664 alba
248 2611 322 2665 stella
340 2611 367 2665 in
384 2609 471 2666 irorata
488 2613 653 2682 conspicuus:
741 2613 762 2662 is
779 2610 941 2665 Plutarchum
961 2615 988 2663 et
1005 2612 1079 2678 elios,
1097 2611 1140 2680 qui
1151 2612 1292 2681 Augustum

78 2681 127 2734 uod
149 2682 294 2751 exprimere
320 2682 365 2735 laic
388 2682 520 2755 ¹Virgilius
549 2683 657 2736 voluisse
692 2699 723 2735 ex
741 2699 828 2736 sorore
843 2679 961 2736 Caesaris
978 2689 1065 2734 natura
1083 2680 1186 2736 ierunt:
1205 2688 1231 2734 et
1247 2681 1292 2735 bi-

97 2751 177 2804 rdano
195 2752 304 2805 ridetur.
320 2751 358 2805 De
379 2753 515 2820 Thraciis,
535 2770 657 2826 raptorum
692 2753 795 2805 rianam
820 2754 959 2822 periocbcn
990 2753 1049 2804 libri
1073 2751 1130 2807 aad.
1156 2751 1201 2805 ubi
1218 2753 1240 2805 is
1256 2750 1293 2804 di·

61 2823 149 2876 srraoe
164 2861 173 2885 ‚
190 2821 253 2877 AEn.
272 2826 297 2877 b.
321 2826 362 2888 sq.
523 2834 537 2865 t
693 2826 761 2876 citur
777 2825 891 2878 Caesaris
917 2823 1008 2878 haeres
1035 2834 1060 2878 et
1082 2840 1117 2878 ec
1137 2840 1232 2880 sorore
1250 2838 1293 2878 ne·

96 2893 138 2965 (r)
161 2892 243 2946 Primi
268 2894 328 2948 alba
345 2894 430 2964 pedis,
455 2903 505 2950 etc.
519 2899 537 2966 ).
556 2897 661 2950 Servius
692 2913 764 2964 poa:
786 2896 862 2949 babet
884 2903 968 2950 autem
994 2894 1208 2948 emendatissimus
1228 2894 1295 2950 binii

60 2966 96 3019 ale
113 2964 211 3020 duobus
227 2966 399 3020 anterioribus
415 2967 517 3038 pedibus
536 2969 658 3037 explicet.
694 2967 782 3034 codex,
802 2966 886 3019 Pierio
904 2973 981 3033 teste,
998 2968 1102 3022 sororis
1119 2984 1213 3038 nepae:
1227 2969 1295 3041 quqd

60 3035 192 3091 &rdanm
208 3034 240 3091 rb
257 3038 331 3091 unico
343 3037 518 3110 pededeatro.
533 3041 660 3096 Flentem
697 3055 785 3090 verum
804 3045 862 3089 eet:
890 3037 938 3090 luit
954 3036 1033 3090 'enim
1061 3038 1190 3110 arguam
1216 3058 1295 3113 nepos

58 3106 147 3164 ailon
165 3107 283 3176 Scaliger
301 3110 491 3181 interpretetur,
502 3112 564 3167 ulia
579 3110 664 3166 oeiuts'
694 3111 778 3163 Juliac
786 3149 796 3176 ,
814 3111 910 3163 sororis
925 3108 1050 3177 Caesaria3
1069 3126 1121 3164 nou
1139 3128 1216 3184 nepos
1232 3112 1293 3169 cae-

59 3180 141 3235 rteila
157 3186 289 3233 mutam:
317 3182 377 3251 quia
400 3184 504 3236 omnino
519 3183 577 3235 alba
593 3183 660 3235 deu
694 3182 776 3248 saria,
794 3198 826 3235 ea
844 3180 907 3235 lolia
925 3199 1029 3237 sorore:
1047 3199 1097 3255 qua
1112 3198 1145 3239 ex
1162 3184 1296 3238 verboram

59 3251 136 3317 rionis
155 3251 213 3322 equi
229 3250 350 3305 indicium
368 3259 418 3308 eat:
693 3251 842 3306 consessione
857 3261 928 3308 ortus
943 3272 1018 3308 error
1035 3262 1081 3308 cst.
1101 3256 1140 3310 De
1167 3255 1295 3317 Mare,

41 3383 56 3405 ,
95 3324 136 3411 (ι)
153 3321 410 3396 conmendanti).
423 3324 657 3387 Sierescribocum
693 3325 755 3378 AEn.
781 3343 804 3378 a.
823 3326 884 3388 ssa.
905 3327 942 3379 Dc
962 3328 1075 3395 Ηιὶὶοιιιι,
1094 3328 1120 3380 iu
1140 3334 1291 3400 argumento

42 3392 146 3451 Pierio
173 3411 205 3449 ax
220 3395 331 3463 antiquis
356 3396 494 3451 codicibus.
514 3399 617 3452 Coum
633 3417 657 3451 e·
694 3397 738 3450 lib.
759 3398 786 3460 d.
1316 3424 1319 3429 ·

59 3467 114 3519 nim
146 3470 152 3482 '
174 3471 261 3520 natam
277 3467 320 3521 bic
336 3487 354 3522 a
371 3467 483 3539 Virgilio
506 3466 580 3522 totae
596 3486 657 3540 gen·
727 3467 771 3540 (Δ)
787 3469 904 3523 Senioris
923 3467 1030 3524 Acestae
1042 3470 1062 3541 ).
1075 3470 1115 3524 Ad
1131 3487 1211 3544 equor
1230 3467 1296 3523 Aee·

60 3545 113 3592 tem
157 3542 301 3602 ammaon
321 3539 440 3605 dechor,
454 3558 535 3612 neque
552 3541 660 3613 Aspona·
694 3551 752 3606 dae
778 3539 862 3595 refero
874 3582 884 3610 ,
913 3543 1004 3614 quibus
1030 3544 1132 3596 Acestes
1157 3540 1296 3613 Troianam

62 3611 130 3664 unde
146 3617 289 3666 maternum
306 3628 389 3681 genua
406 3611 657 3683 Argutusdnoebet.
691 3610 851 3682 juventutem
878 3612 909 3665 ed
928 3614 995 3670 bunc
1013 3613 1099 3667 ludum
1117 3614 1294 3666 instruxerat:

59 3679 147 3745 Quare
167 3681 252 3736 dixit:
281 3699 367 3752 peaes
392 3685 462 3739 mide
486 3682 547 3739 Atts‘
560 3685 661 3739 dacem
697 3701 748 3737 non
766 3686 798 3738 ed
815 3687 909 3756 pubem
926 3686 1059 3752 Acestae,
1077 3703 1122 3738 eeu
1138 3683 1296 3756 juventutem

57 3753 150 3810 ursa
161 3793 169 3821 ,
200 3768 250 3806 aon
268 3768 332 3805 sero
349 3755 481 3809 lioraone':
503 3756 563 3825 quie
592 3757 662 3810 Attaia
697 3755 911 3830 Siculam3quam
929 3756 1062 3828 probabile
1080 3762 1116 3809 eat
1133 3758 1159 3817 in
1177 3751 1296 3827 :Troianis

56 3841 126 3948 ῗιιιι
149 3833 206 3881 erat
231 3841 262 3878 ex
282 3826 343 3878 urbe
363 3826 428 3880 lartii
446 3826 542 3882 Ars‘cr'e
554 3867 564 3893 ,
592 3842 659 3881 nnnc
695 3829 745 3881 illie
762 3829 849 3897 pueris
868 3829 949 3881 locum
977 3844 1029 3880 non
1047 3827 1184 3894 babuisse,
1212 3824 1296 3897 aiqui-

67 3915 87 3951 ιι
104 3898 207 3953 tn'cea'e.
693 3899 754 3953 dem
779 3900 893 3953 etribus
919 3897 1067 3953 ductoribus
1091 3899 1174 3951 nullus
1195 3893 1295 3953 siculis

94 3969 135 4040 (³)
151 3969 217 4021 Puer
243 3968 347 4021 dilectus
373 3965 461 4039 tito).
489 3969 565 4023 Notat
590 3977 660 4024 certe
700 3969 758 4022 suit.
1115 4012 1119 4019 .

56 4039 219 4111 conjunctam
229 4038 377 4093 affinitatem
388 4039 591 4112 interatremque
598 4058 660 4112 gen·
729 4040 768 4112 (⁵)
790 4039 927 4111 Paridos).
943 4042 982 4094 Dc
1000 4027 1072 4093 laude
1091 4040 1237 4095 striaturis
1246 4042 1295 4094 aul·

57 4121 109 4165 tem
119 4152 129 4180 ,
149 4112 273 4178 latisana,
289 4126 355 4180 quaa
371 4109 490 4177 ablril03
508 4121 534 4166 et
545 4112 658 4168 Attaeaa.
695 4113 795 4165 licitos:
813 4132 845 4165 eo
863 4128 958 4182 peroro
975 4111 1125 4181 perculsos,
1151 4110 1183 4166 de
1200 4129 1250 4187 quo
1267 4132 1293 4165 s.

56 4201 124 4257 quae
141 4184 174 4237 ab
188 4184 258 4253 Atys
303 4199 336 4234 aa
361 4198 393 4234 ex
410 4182 586 4253 conjunctione
606 4201 660 4253 pro·
700 4182 757 4236 138.
779 4184 983 4255 Emattoats'oque
1006 4186 1095 4238 haurit
1112 4186 1195 4242 cerda
1209 4202 1296 4260 ponor

58 4257 109 4309 diit
127 4255 268 4324 sagmas
285 4199 386 4325 itmppe
405 4254 477 4309 iulia
487 4294 497 4320 ,
520 4254 581 4310 Iulii
601 4256 661 4310 Cec-
695 4257 814 4327 puteana.

58 4328 125 4381 saria
139 4344 235 4392 soror,
262 4331 384 4394 nupserat
412 4324 449 4379 bl.
469 4327 539 4381 tarto
559 4328 659 4383 balbo:
733 4328 773 4398 (ri)
794 4327 846 4381 Ora
871 4328 1029 4401 parentum).
1050 4328 1185 4383 Parentum
1208 4328 1297 4383 simili-

56 4398 299 4526 munceoogffii'o
312 4396 513 4524 peamau:
530 4417 594 4525 ‘¹¹¹ss
610 4399 662 4527 Rol-
697 4399 810 4451 tudinem
831 4398 857 4452 in
872 4398 974 4526 lAEiberis.
995 4402 1031 4524 ige
1049 4401 1126 4469 rcrbo
1138 4404 1233 4467 taetro,
1242 4419 1295 4472 pro

182 4511 189 4525 .
290 4488 325 4536 m,
486 4488 594 4541 peperi,
635 4488 661 4522 ιι·
697 4488 847 4537 musaeo,
904 4490 932 4527 n.
955 4490 978 4529 ι.
1021 4490 1061 4527 aa.
