2866 5234
339 468 396 532 366
709 474 742 535 Ρ.
764 471 924 533 vtttutttt
945 470 1118 535 usnouts

451 579 572 660 lamque
592 582 678 649 dies,
700 585 729 641 nl
750 580 859 649 lallor.
881 582 983 650 anese
1005 597 1094 656 quem
1113 592 1228 655 semper
1248 579 1381 639 acerbum

391 660 431 721 ὅθ
450 659 570 741 Semper
592 663 792 731 linamentum,
815 661 856 721 sic
877 660 914 721 ut
937 661 1090 731 voluistis,
1114 659 1235 723 lrabebo.

454 741 539 804 Hunc
559 762 614 818 ego
634 741 765 802 Gaetulis
784 756 903 816 agerem
925 740 1098 819 sisyrtibus
1119 737 1226 810 exsul,

445 825 626 900 ⁴Argolicove
648 825 723 882 mari
745 823 959 895 ¹·deprensus,
980 829 1009 881 et
1030 822 1101 882 urbe
1123 822 1280 899 Mycenae:

454 896 563 966 norrun*
581 908 648 964 rota
670 909 767 962 tamen
787 948 793 968 .
816 901 1016 979 solemnesque
1036 906 1137 962 ordine
1158 920 1279 978 pompas

454 984 657 1062 Exsequerer;
677 990 877 1057 strueremque
895 983 956 1040 suis
976 981 1080 1042 altaria
1100 982 1184 1043 donis
1204 989 1227 1038 ¹.

396 1064 435 1124 55
455 1064 537 1127 Nune
558 1069 634 1123 ultro
656 1065 690 1121 ad
713 1065 825 1123 eineres
846 1063 934 1138 ipsius
953 1068 983 1120 et
1002 1080 1068 1123 ossa
1089 1064 1246 1139 parentis,

455 1144 541 1208 Haud
559 1142 694 1219 equidem
714 1148 777 1202 sine
799 1146 921 1215 mente,
945 1161 1042 1215 reor,
1064 1147 1128 1204 sine
1151 1148 1267 1205 numine
1287 1151 1299 1180 ’
1318 1141 1379 1205 otri

456 1226 625 1287 adsumus:
648 1230 680 1283 et
701 1233 803 1299 portus
824 1219 913 1281 delati
936 1223 1076 1283 intramus
1097 1226 1213 1283 anticos.

455 1303 534 1381 Ergo
555 1304 656 1378 agite,
677 1309 708 1362 et
727 1303 837 1363 laetum
857 1304 956 1362 cuncti
975 1304 1159 1364 celebremus
1180 1302 1348 1365 honorem:

460 1387 612 1446 poscamus
633 1390 735 1443 uentos
755 1385 793 1451 ⁴,
815 1389 905 1458 atque
927 1382 998 1443 baec
1019 1402 1066 1443 me
1088 1401 1169 1444 sacra
1189 1387 1341 1463 quotannis

396 1467 435 1527 60
455 1464 534 1528 Urbe
555 1465 627 1525 velit
646 1464 738 1542 posita
759 1464 873 1539 templis
894 1465 947 1522 sibi
970 1462 1046 1524 terre
1067 1461 1178 1525 dicatis.

454 1545 525 1607 Bina
546 1547 634 1605 boum
656 1546 738 1603 robis
758 1544 847 1622 'l'roja
869 1553 1029 1620 gonterulus
1050 1546 1169 1607 Acestes

454 1628 512 1687 Dat
533 1642 653 1687 numero
672 1627 765 1702 capita
787 1627 814 1682 in
836 1642 947 1684 nares:
969 1622 1093 1686 adhibite
1117 1628 1236 1685 Penates
1258 1636 1268 1662 ⁸

452 1707 493 1768 Et
512 1706 621 1787 patrios
640 1706 759 1783 epulis,
782 1711 812 1763 et
831 1723 902 1783 quos
922 1705 992 1765 colit
1012 1707 1119 1785 hospes
1141 1712 1269 1766 Acestes.

456 1787 610 1849 Praeterea
629 1832 637 1856 ‚
659 1790 683 1845 si
705 1803 777 1846 arona
797 1791 809 1819 ⁸
830 1785 905 1847 diem
927 1787 1097 1848 mortalibus
1117 1785 1226 1848 almum

395 1865 435 1927 65
455 1870 569 1930 Aurora
589 1868 748 1938 extulerit,
773 1867 923 1946 radiisque
945 1871 1082 1929 retexerit
1101 1870 1225 1930 orbem:

700 2003 1117 2060 tNuuuPuErn'tto

294 2128 368 2194 dios3
388 2144 464 2197 quem
481 2142 580 2197 semper
596 2123 744 2178 existimabo
761 2131 902 2191 maestum,
929 2138 1027 2194 semper
1044 2124 1196 2188 colendum3
1224 2126 1260 2178 sie
1285 2122 1375 2177 voluist

293 2201 352 2323 ¹³3⁰
369 2200 390 2252 si
408 2200 475 2252 hunc
493 2198 562 2252 deero
579 2197 750 2265 transigerem
768 2198 838 2249 exsul
856 2198 884 2249 in
900 2197 1009 2268 syrtibus
1026 2194 1150 2262 Gaetulis,
1168 2203 1212 2248 aut
1230 2200 1374 2267 interceptus

264 2306 266 2310 .
291 2271 399 2342 goieo,
419 2270 457 2322 rel
485 2269 511 2320 in
540 2269 602 2322 urbe
619 2267 751 2340 Mycenis:
772 2275 856 2321 tamen
874 2268 1032 2320 celebrarem
1050 2285 1136 2320 arrnua
1154 2275 1232 2335 rota,
1260 2279 1285 2322 et
1306 2272 1374 2322 solen

295 2343 392 2397 anonias
403 2344 492 2414 jueta
508 2342 586 2395 ritum
601 2358 609 2407 3
628 2349 654 2392 et
671 2341 830 2393 cumularem
847 2340 940 2392 altaria
956 2344 1073 2411 congruis
1091 2339 1246 2394 muneribus.
1269 2343 1342 2395 Nunc
1361 2342 1374 2393 b

294 2432 379 2468 sumus
395 2421 454 2466 anto
471 2413 570 2467 eineres
589 2419 614 2465 el
631 2427 686 2463 orsa
704 2412 781 2482 ipsius
798 2413 873 2482 patris
885 2450 895 2477 ,
922 2419 993 2465 eerle
1013 2430 1063 2463 nou
1080 2413 1133 2464 sine
1150 2413 1252 2463 eorrsilro
1277 2421 1303 2466 et
1325 2414 1374 2465 sine

292 2488 419 2552 deornm,
445 2496 470 2540 et
491 2494 572 2557 puto,
604 2491 722 2538 elocuto
746 2484 846 2554 impulsi
874 2483 1033 2554 ingredimur
1052 2491 1138 2554 portus
1161 2485 1255 2537 amicos
1283 2486 1362 2554 Agite

293 2575 381 2611 omnes
398 2558 494 2610 loetum
509 2555 661 2611 sacrificium
681 2572 860 2625 peragamus:
888 2563 1001 2624 petamus
1019 2564 1106 2608 reatos
1132 2563 1165 2610 ab
1184 2574 1237 2623 eo,
1264 2565 1290 2609 et
1306 2564 1335 2609 ut

295 2628 358 2682 urbe
376 2628 476 2683 condita
492 2629 600 2698 singulis
617 2628 690 2680 aunis
707 2628 846 2697 persolvere
861 2628 926 2680 liaeo
942 2626 1068 2682 sacrificia
1084 2629 1112 2681 r'rr
1129 2629 1227 2696 templis
1244 2629 1292 2680 sibi
1312 2629 1329 2682 cl
1363 2628 1373 2678 i

294 2708 343 2754 stes
358 2696 479 2755 orlandus
494 2701 574 2768 'troja
590 2700 665 2752 donat
681 2699 750 2753 robis
766 2716 871 2771 oorpora
889 2700 964 2752 boum
983 2700 1033 2753 duo
1050 2716 1153 2753 numero
1173 2717 1217 2767 per
1237 2716 1311 2752 nares
1328 2699 1372 2770 aria

292 2773 371 2828 ritate
387 2773 420 2826 ad
436 2776 522 2844 epulas
537 2772 667 2836 Penates,
683 2780 710 2824 et
733 2774 847 2842 patrios,
871 2779 896 2825 ol
914 2790 961 2825 eor
982 2790 1042 2842 quos
1064 2773 1151 2840 hospes
1167 2773 1269 2825 Acestes
1287 2787 1372 2824 venere

295 2863 361 2917 per,
379 2846 400 2899 si
418 2862 485 2899 noua
502 2844 601 2898 Aurora
619 2845 751 2916 protulerit
768 2843 909 2898 hominibus
924 2844 991 2897 diem
1009 2863 1150 2912 serenum,
1170 2850 1196 2899 el
1213 2844 1270 2897 luce
1286 2843 1372 2898 detexe

291 2987 327 3043 ἰὼ
344 2986 448 3041 Altinae
465 2989 571 3058 populis,
590 2988 635 3059 qui
651 2987 684 3042 ad
700 2989 795 3059 syrtes
812 3006 888 3076 uspue
922 2991 1023 3063 ciac'qm
1040 3010 1103 3046 oasa
1117 2991 1246 3060 prurentr'r.
1261 2989 1338 3060 liujus
1353 3004 1372 3040 a*

290 3056 419 3133 pertinent
434 3099 443 3124 ‚
459 3059 521 3113 AEn.
542 3060 567 3127 3.
589 3074 634 3123 ao.
648 3061 723 3117 Des
754 3061 888 3130 rumim·
925 3066 949 3117 nt'
968 3063 1047 3116 cultus
1064 3072 1136 3116 notae
1153 3070 1210 3115 sunl
1227 3081 1312 3127 aree,
1332 3077 1371 3113 aar

289 3130 415 3207 portuosis
425 3130 506 3185 litoris
516 3131 631 3186 Africani
642 3134 693 3185 oris
741 3150 765 3184 n.
783 3150 806 3187 1.
826 3135 885 3190 arb.
921 3134 1017 3207 templo
1034 3136 1141 3201 dicato,
1167 3147 1229 3189 voto
1252 3151 1297 3202 pro
1317 3140 1371 3183 rent

325 3200 365 3275 (a)
382 3202 507 3271 argolico
530 3203 626 3276 mari).
646 3203 773 3276 Arpolreo
797 3206 884 3275 rr'rrn,
922 3208 969 3260 dis.
989 3205 1102 3271 Quorum
1119 3214 1201 3260 tamen
1225 3206 1310 3275 aliqua
1334 3205 1361 3256 in

325 3275 409 3346 'pam
433 3280 470 3326 est
486 3270 581 3344 AEgaei
604 3277 683 3330 muris
707 3276 738 3328 nd
763 3277 886 3332 orientem
921 3277 966 3331 bus
991 3289 1146 3334 mortuorum
1164 3280 1275 3332 omnium
1294 3275 1371 3329 lunen

289 3292 463 3418 ffiopoanesi.
491 3344 561 3400 Urbe
591 3346 722 3420 Mycenae
734 3368 744 3399 :
770 3357 797 3401 ut
822 3350 884 3403 AEn.
921 3350 1054 3422 pabantur.

292 3437 317 3475 1.
343 3421 405 3475 251.
429 3417 522 3473 Urbem
550 3419 646 3472 Petner’
680 3418 779 3472 liabent
806 3420 885 3492 aliqui
955 3423 994 3495 (5)
1012 3422 1133 3478 Adhibita
1151 3420 1292 3493 Penates).
1312 3421 1370 3472 De.

289 3490 388 3546 eodiees
404 3490 526 3562 Myrene,
540 3490 664 3562 Mycena,
683 3491 822 3562 Mycenis,
834 3496 885 3548 Ar-
920 3494 981 3548 AEn.
1000 3514 1026 3550 a.
1048 3514 1109 3566 7¹7·
1127 3494 1257 3560 Quomodo
1268 3493 1370 3548 edbrber

287 3581 339 3634 poa
350 3570 383 3616 'et
400 3560 530 3634 upum
544 3562 620 3615 urbes
638 3560 812 3632 Peloponnesi,
824 3565 887 3621 AEn,
924 3565 981 3631 lla,
1002 3568 1063 3620 AErr.
1084 3567 1109 3619 3,
1134 3584 1191 3638 ιῃ.

292 3652 317 3688 t.
338 3632 400 3691 288·
959 3638 998 3708 (6)
1024 3640 1052 3693 Si
1081 3655 1149 3689 rronn
1162 3677 1171 3703 ,
1198 3636 1271 3708 etc.)
1300 3634 1351 3702 δι’,

261 3704 761 3851 'slllffllssilddllinlssl'd
773 3705 886 3834 3332·
923 3709 1277 3851 ltttt'tntttlltlltcll
1291 3709 1370 3832 3⁹22

430 3814 438 3841 l
880 3812 888 3820 '
1255 3821 1260 3833 ·
1329 3820 1333 3827 ¹

246 3844 248 3848 ’
290 3869 368 3906 rear:
385 3849 451 3905 unde
467 3859 584 3907 structor
606 3848 737 3903 dicebatur
757 3849 783 3901 in
802 3868 830 3905 re
847 3868 887 3904 eo-
922 3853 981 3908 ludi
994 3872 1064 3909 noco
1080 3853 1123 3908 dr'e
1141 3852 1339 3907 celebrabantur
1348 3891 1359 3919 ,

289 3923 407 3992 quinaria
417 3921 462 3994 qui
479 3926 577 3979 fercula
592 3920 723 3984 struebat,
742 3921 804 3976 scite
821 3940 886 3977 oom-
922 3927 973 3981 err't
985 3947 997 3990 ;
1015 3927 1054 3978 sin
1075 3927 1178 3992 minus,
1205 3925 1231 3977 in
1257 3925 1367 3978 alinmd

288 3993 420 4065 penebat,
444 3995 602 4051 cumulabat.
621 3994 686 4048 Sur'c
704 3993 803 4061 doure,
828 4014 886 4050 cou-
919 4005 1015 4052 tentor.
1035 3998 1102 4051 Aliis
1117 3998 1217 4050 ridetur
1235 4014 1286 4048 esse
1301 4001 1369 4070 affin

288 4067 382 4135 gruis3
401 4086 515 4139 congrum
531 4075 616 4121 nutem
634 4075 710 4120 eraut
727 4068 833 4120 mortuis
844 4068 886 4121 do·
920 4072 1031 4125 absolute
1050 4088 1136 4122 sensus
1153 4078 1211 4122 est:
1232 4087 1291 4122 eum
1309 4090 1369 4125 oum

290 4154 339 4201 ua,
359 4139 423 4207 loc,
441 4141 529 4199 nircum
541 4179 551 4208 ,
569 4140 642 4205 mel,
659 4137 788 4211 napata:
805 4147 834 4193 ut
849 4141 886 4193 di·
919 4148 955 4200 rr't
974 4161 1070 4197 nonam
1100 4143 1167 4196 daem
1180 4162 1190 4193 :
1214 4141 1251 4193 sie
1277 4143 1369 4214 explici

289 4209 390 4331 xitnufis,
414 4210 476 4267 AEn.
502 4216 528 4268 3.
549 4214 594 4269 fis·
618 4217 646 4266 et
662 4211 720 4297 mon
736 4210 885 4287 ridebitur,
927 4238 950 4271 r.
969 4219 1029 4286 liop.
1050 4213 1086 4268 δι’
1098 4233 1148 4301 pun
1163 4215 1222 4284 prbr
1238 4226 1369 4296 respectui

288 4299 315 4333 v·
324 4298 364 4435 (3)
372 4319 440 4404 ’sine
466 4363 571 4421 mento,
598 4357 653 4409 sine
676 4285 1369 4428 numina)Sinefiirll333333r3313ms3cr313331331

286 4423 392 4491 consilio
409 4430 435 4476 et
454 4426 580 4480 voluntate
592 4428 707 4481 deorum.
719 4430 759 4482 lle
770 4428 884 4497 mne,
919 4430 1045 4485 rabuntur
1056 4430 1124 4483 enim
1136 4429 1203 4482 domi
1213 4428 1339 4484 emerere
1351 4447 1369 4483 st

288 4496 336 4550 boc
352 4511 444 4560 mnan,
463 4494 526 4551 AEn.
549 4516 573 4551 r.
595 4498 655 4570 137.
830 4556 833 4561 ,
919 4511 1008 4558 oetam
1024 4502 1222 4569 cremabantur,
1250 4518 1369 4558 nonore

323 4567 366 4642 (4)
382 4568 516 4621 Poscamus
531 4568 645 4641 reatos).
665 4568 707 4624 Ab
724 4569 777 4642 ipso
792 4568 887 4627 sncai-
922 4576 1008 4649 pulcro
1026 4570 1219 4629 mandabantur.

286 4658 337 4711 sa,
365 4658 442 4713 quem
466 4648 495 4697 ut
512 4638 587 4693 deum
604 4643 689 4697 colere
706 4642 822 4698 imtituit.
842 4642 888 4699 nt
1286 4658 1291 4665 '
