2866 5234
329 308 387 381 leo
693 315 722 378 Ρ.
747 315 903 379 VlllGllll
926 306 1099 380 uittotlts

439 422 476 482 lli
497 424 578 501 eujus
598 424 695 499 jurare
717 424 818 483 timent
840 431 869 481 et
889 420 989 481 lallere
1011 440 1127 483 nomeu

359 503 418 573 325
440 501 520 564 ilsee
539 504 657 574 omnis,
678 514 766 577 quom
787 501 900 569 cernis.
922 503 1003 579 iuops
1025 501 1232 579 inhumataque
1253 503 1344 563 turbs

438 580 564 644 Portitor
584 582 651 655 ille,
673 581 811 643 Charon:
831 581 882 651 iri,
903 597 978 658 quos
999 582 1079 642 rolrit
1100 583 1200 655 unus,
1220 580 1338 658 sepulti.

438 663 499 725 Nee
519 666 596 744 ripss
615 662 701 725 datur
722 661 901 730 horrendus,
925 678 976 719 uee
996 678 1083 723 rauea
1103 663 1208 724 ssueuts

439 743 651 822 Trsusporture
669 742 770 823 prius,
790 758 879 820 quam
900 740 1015 800 sedibus
1035 758 1102 804 ossa
1122 746 1269 819 quierunt.

436 822 558 885 Centum
578 829 678 884 erruut
698 839 809 894 anuos,
833 821 1010 896 rotitruquo
1030 822 1103 885 haee
1122 824 1209 885 litora
1229 824 1341 885 eireum

356 904 417 969 ³30
437 903 510 964 Tum
531 906 647 964 demum
668 903 784 964 admissi
804 907 905 980 sttgus
926 907 1061 979 exoptato
1083 907 1222 966 rerisuut.

436 985 569 1046 Constitit
587 982 716 1045 Auchis·
734 991 836 1053 satus,
858 988 889 1042 et
909 984 1028 1057 vestigia
1049 986 1178 1061 pressit,

438 1063 523 1125 itulta
544 1070 668 1143 putans,
690 1069 855 1142 sortemque
875 1060 973 1123 auimo
992 1065 1144 1126 miseratus
1163 1067 1304 1144 iniquum.

435 1142 534 1207 Cernit
555 1144 593 1205 ibi
615 1152 759 1212 moestos.
781 1152 813 1204 et
833 1142 935 1204 mortis
954 1141 1064 1204 honore
1083 1152 1236 1215 cerem,
1279 1146 1283 1155 '
1309 1186 1315 1199 .

437 1223 629 1302 Leucaspim,
651 1233 680 1285 et
703 1223 808 1303 Lyciae
829 1225 977 1285 duetorem
999 1224 1102 1285 elassis
1121 1218 1264 1287 Oronterit
1283 1232 1342 1284 's'

359 1309 418 1370 335
439 1306 520 1378 Quos
540 1303 626 1368 simul
648 1304 772 1382 sTroja
792 1309 910 1367 reomao
930 1319 983 1380 per
1003 1321 1130 1383 aequora
1150 1309 1250 1368 rectos

437 1384 543 1447 Obruit
562 1390 686 1454 auster,
708 1402 782 1467 uquu
804 1384 952 1445 iurolreus
974 1400 1134 1463 novemque
1155 1389 1306 1466 virosque.

437 1465 512 1527 Eeoe
530 1468 708 1545 guberuator
727 1483 790 1527 sese
811 1467 961 1530 Palinurus
981 1465 1106 1541 agebat:
1195 1464 1201 1473 ’

437 1545 493 1619 Qut
516 1545 623 1626 Libyco
643 1564 737 1625 nuper
757 1563 845 1609 eursu
864 1553 902 1614 ¹.
922 1544 1105 1610 durusirleru
1125 1553 1242 1624 serrat,

437 1626 592 1690 Exciderat
612 1629 724 1706 puppi,
746 1630 847 1687 modiis
867 1624 973 1685 ellusus
993 1626 1021 1686 iu
1042 1626 1138 1689 uudis.

358 1712 417 1774 :itu
436 1706 522 1769 Hune
542 1710 590 1771 utri
607 1708 664 1767 -vix
685 1707 777 1769 ruultu
799 1713 942 1769 moestum
962 1712 1097 1783 coguovit
1118 1712 1146 1770 io
1167 1709 1291 1780 umbre.

436 1791 482 1851 sio
501 1790 583 1867 prior
603 1786 782 1867 alloquitur:
803 1786 876 1861 Quis
897 1793 947 1861 te,
971 1785 1131 1859 Palinure,
1153 1788 1278 1850 deorum

433 1871 549 1947 Eripuit
571 1866 675 1940 uobis,
699 1868 852 1948 medioque
872 1868 926 1929 suls
946 1886 1071 1947 aequore
1090 1874 1213 1930 mersit?

433 1953 507 2019 Die,
528 1967 603 2027 age:
627 1967 751 2027 namquo
770 1950 843 2011 ruiiri
866 1949 953 2009 lullax
974 1951 1048 2012 hsud
1070 1957 1137 2010 oute
1159 1955 1310 2029 repertus,

354 2102 358 2109 ¹
435 2032 498 2092 lior
521 2047 579 2091 uuo
600 2044 738 2108 responso
759 2033 885 2089 uoiruum
905 2028 1016 2097 delusit¹
1031 2030 1153 2110 llpollos

353 2112 413 2175 :tlt
433 2114 489 2187 Qui
512 2114 573 2171 lure
594 2115 624 2170 te
643 2115 730 2190 ponto
751 2111 942 2182 ineolumem,
966 2111 1095 2191 uiresque
1113 2110 1234 2174 eruebat

678 2257 1103 2362 rutuueueeeelo

273 2407 307 2463 ts
318 2398 329 2471 ,¹
341 2426 416 2482 quarn
435 2408 525 2472 rides,
545 2406 585 2461 e'st
600 2423 684 2479 egeus
700 2412 727 2459 et
744 2405 894 2477 insepultae·
913 2414 999 2465 reetor
1015 2410 1058 2466 ilio
1075 2419 1116 2466 est
1132 2408 1258 2475 citeron
1284 2409 1314 2465 lsi
1334 2428 1362 2483 qt

273 2480 360 2548 unda,
379 2491 439 2537 suut
455 2480 556 2553 sepulti.
574 2480 627 2534 Nee
652 2478 809 2549 permittitur
826 2478 944 2551 lrsjieero
962 2484 1031 2552 ripas
1047 2483 1184 2537 horribiles
1206 2489 1233 2536 et
1250 2478 1362 2537 lluetrrs:

271 2558 408 2626 antequem
425 2570 482 2607 essu
498 2550 613 2625 reposita
637 2550 688 2605 sint
704 2550 732 2605 t'u
748 2550 863 2604 tumulis.
880 2552 1017 2623 Vagantur
1033 2573 1081 2627 pet·
1095 2562 1199 2611 eentum
1216 2571 1321 2623 annea,
1347 2562 1362 2607 e

271 2625 343 2679 eirea
358 2627 402 2681 lias
418 2625 506 2697 ripas:
534 2632 595 2679 tune
610 2622 718 2695 deniquo
734 2623 831 2697 reoepti
849 2627 1022 2683 transmittunt
1047 2628 1139 2682 llurios
1155 2626 1326 2687 desideratos.
1345 2624 1362 2679 Ε

272 2696 358 2751 eltisse
374 2698 458 2762 stetit,
483 2702 509 2752 et
523 2696 647 2752 eoutinuit
662 2712 801 2768 gressum.
829 2696 931 2766 rgiuns
948 2700 1077 2770 plurime,
1103 2707 1130 2755 et
1148 2700 1274 2753 miserans
1301 2698 1362 2753 antu

270 2774 367 2825 sortem
384 2772 513 2827 ueerhuur.
532 2768 607 2825 Videt
623 2768 677 2822 illie
695 2769 782 2822 tristes
808 2774 833 2821 et
850 2769 964 2839 privatos
979 2772 1076 2826 lrouore
1099 2772 1261 2843 sepulturae,
1279 2768 1362 2825 laeuos

269 2840 396 2896 Orontem
415 2843 504 2897 (luceru
522 2839 616 2912 Lyciae
640 2841 747 2896 elassis:
775 2858 837 2913 quos
862 2843 995 2899 e‘l'roode
1016 2843 1074 2895 nori
1095 2853 1167 2898 sutes
1191 2860 1237 2915 per
1254 2843 1362 2911 marie]

271 2922 356 2967 auster
373 2916 494 2968 demersit
511 2914 586 2967 simut
595 2950 605 2979 ,
615 2916 739 2984 sepeliens
756 2913 784 2968 s'u
800 2912 871 2985 equis
887 2921 914 2967 et
931 2934 1021 2970 uorem
1038 2922 1063 2968 et
1076 2862 1208 2972 {omluesz
1219 2914 1287 2969 Eece
1295 2914 1362 2969 Polis

270 2984 391 3038 bernotor
409 2989 506 3042 lerelrst
522 2987 605 3041 seed
617 3004 691 3042 eum:
704 2987 727 3037 is
744 2986 787 3051 qui
804 3004 884 3057 nuper
901 2986 928 3040 lu
945 2987 1132 3057 navigatione,
1143 2989 1204 3053 tuq
1221 2986 1345 3041 observat
1361 3018 1363 3035 .

271 3056 367 3111 uiderat
384 3076 399 3111 e
416 3076 517 3129 puppo,
545 3059 629 3131 lapsus
647 3058 675 3111 iu
693 3057 790 3114 medius
807 3076 895 3128 aquus.
914 3060 1052 3131 Postquam
1072 3061 1169 3116 AE'ueas
1194 3058 1296 3114 difficile
1313 3074 1363 3113 etur

270 3129 304 3181 ub
319 3129 407 3201 spissas
424 3133 561 3194 terebros,
587 3130 624 3181 itu
648 3130 785 3203 alloquitur
811 3132 902 3202 prior:
921 3131 944 3185 0
962 3132 1102 3190 Palinuro.
1127 3134 1185 3205 quis
1209 3132 1319 3185 deorum
1345 3130 1363 3184 a

271 3200 367 3269 uobis,
384 3207 409 3254 et
426 3202 510 3254 obruit
525 3203 572 3255 sub
589 3203 673 3256 medio
691 3202 779 3257 ruerit
796 3204 844 3256 Die
862 3221 930 3273 age:
948 3206 1014 3260 Nam
1026 3204 1119 3278 Apollo
1135 3222 1189 3259 nou
1205 3203 1275 3275 prius
1291 3205 1363 3259 iuret

271 3276 398 3343 mendax,
416 3276 464 3329 hoe
481 3275 537 3328 solo
553 3276 787 3346 respousodeoepit
804 3282 916 3330 ruentem
934 3294 1035 3333 mooun
1048 3277 1150 3349 quun&
1160 3274 1364 3351 praedioelsrtte

268 3420 324 3475 loeo
339 3420 484 3490 assignatus
500 3426 558 3487 est,
576 3424 753 3492 praeterquam
770 3420 859 3474 eelibis
895 3422 926 3475 El
943 3424 988 3477 siis
1014 3441 1030 3476 a
1054 3422 1169 3496 Virgilio
1192 3406 1362 3476 prostituitur.

267 3493 337 3547 eirea
354 3494 483 3546 Avernum
501 3493 622 3557 lontibus,
633 3497 661 3543 ot
674 3494 753 3546 refert
766 3491 858 3545 Strabo
891 3442 951 3548 vidYe
969 3511 996 3549 r.
1015 3492 1079 3566 seq.

269 3580 301 3618 ex
317 3566 433 3618 floruero.
448 3562 482 3617 Π.
500 3563 611 3618 Nomius
636 3564 700 3617 haee
716 3562 803 3616 omniu
818 3564 861 3619 lu·
930 3566 970 3639 (r)
988 3565 1113 3620 Orontem
1128 3565 1149 3636 ).
1175 3563 1236 3636 Ejus
1258 3568 1365 3619 mortem

268 3644 382 3691 etuosum
400 3635 495 3710 aliquid
518 3637 674 3709 siguilieaut.
695 3635 813 3690 Aelrerou
829 3635 862 3692 eh
896 3637 959 3692 AEu.
981 3656 1005 3691 1.
1030 3657 1056 3691 rr
1080 3678 1088 3693 .
1108 3639 1146 3694 De
1164 3640 1280 3703 Austro,
1309 3638 1366 3688 veel

268 3732 329 3780 ηχος
347 3709 441 3773 dolor,
460 3715 486 3762 et
501 3734 539 3782 pro
548 3710 622 3781 fluo:
643 3706 762 3781 Cocytus,
782 3723 798 3759 a
816 3736 858 3769 ss·
893 3709 1008 3775 dioneli,
1025 3658 1114 3781 Βοῖος.
1135 3727 1161 3766 s.
1187 3706 1231 3779 58.
1249 3708 1289 3762 De
1305 3704 1366 3763 Puls'

269 3806 313 3837 soe
330 3783 412 3853 fleo,
430 3782 656 3854 Stpx,amyrs
679 3781 740 3834 odsi»
763 3795 859 3850 prose·
893 3800 943 3847 su,
963 3782 1015 3837 AEu
1047 3785 1072 3838 5.
1092 3781 1156 3838 885.

265 3868 341 3921 quor.
361 3854 536 3926 Phlegethon,
554 3856 599 3906 sut
615 3849 860 3925 Pyriphlegethouo
926 3852 970 3977 Se)
995 3855 1088 3928 Libyco
1115 3852 1218 3925 eursu).
1235 3850 1294 3908 Nou
1319 3856 1367 3906 tau

268 3944 315 3986 rus
334 3925 402 3995 ipsis
418 3934 445 3981 et
460 3945 544 3997 perpe
560 3924 692 3978 mutiero.
719 3923 861 3993 Lethe,e
896 3925 929 3979 La
943 3944 1016 3995 peu,
1043 3927 1088 3979 sed
1117 3926 1260 3997 Tyrreno:
1283 3940 1368 3977 eum«

267 3992 322 4069 ληξη
340 3999 453 4066 obtulero,
477 3994 544 4069 quod
564 3993 619 4068 ejus
644 4002 718 4065 epota
744 4013 809 4067 equs
834 4015 863 4051 o·
894 3996 921 4048 iu
938 3994 1040 4051 ltulisrlr
1055 3997 1177 4051 solvisset.
1190 3998 1229 4053 lta
1246 3996 1368 4050 lauteni

268 4057 403 4142 lurionem
430 4070 574 4124 induceret.
598 4064 641 4120 lit.
662 4068 701 4123 De
725 4085 815 4122 eorum
832 4067 861 4120 lu
894 4074 965 4121 orrttss
984 4070 1117 4133 ridetur‚-
1131 4069 1190 4140 quia
1213 4066 1328 4139 elstera
1347 4069 1369 4121 lu

268 4136 357 4191 ¹nferis
373 4139 422 4192 situ
443 4140 558 4210 pluribus
582 4137 691 4210 disputet
717 4139 858 4195 Cerdsuus.
895 4138 988 4193 AEuess
1006 4140 1147 4212 navigans,
1166 4141 1192 4195 iu
1210 4139 1326 4194 Siciliam
1346 4141 1370 4195 dr

267 4199 322 4279 Eoo
339 4212 506 4266 certissimum
525 4211 860 4283 iisuomiuihuspromiseue
895 4211 934 4264 lle
952 4212 1058 4282 helpo,
1078 4210 1139 4266 AEo.
1162 4232 1186 4268 r.
1210 4214 1370 4285 rtis.Esprr

267 4286 352 4344 postes
369 4281 456 4348 abuti,
479 4283 548 4337 nullo
569 4282 708 4339 admotum
729 4290 802 4338 oerto
818 4300 860 4334 or·
895 4283 942 4335 lroe
960 4282 1074 4337 Palinuri
1101 4301 1160 4338 eum
1176 4284 1259 4339 AEuea
1283 4286 1370 4357 colloq

265 4345 347 4403 tliuo:
363 4353 441 4424 vulgo
462 4360 548 4409 tamen
571 4352 643 4422 (liei,
667 4374 701 4411 ex
718 4355 860 4410 Acheronte
895 4354 1024 4423 Homero,
1040 4353 1131 4426 Odyss.
1155 4355 1252 4410 rs.ubi
1269 4358 1357 4412 simile

265 4422 396 4487 profluere
420 4424 548 4496 Stygem,
579 4443 595 4477 e
622 4428 702 4500 Styge
736 4428 858 4500 Cocytum
895 4431 932 4480 est
949 4426 1017 4483 iuter
1034 4427 1151 4501 Ulyssem
1171 4432 1196 4485 el
1213 4428 1356 4500 Elpenora.

269 4494 474 4571 r‘roprguiuv.
485 4495 609 4551 Eridauru
626 4500 701 4555 etiem
720 4498 748 4553 iu
763 4498 858 4573 eampis
