2866 5234
467 281 662 344 adunatas
688 281 761 340 Llll.
787 282 838 341 lli.
985 348 988 357 ¹
1195 284 1254 344 ssd

214 385 359 461 Sipuamaa
380 381 557 443 convolvens
577 379 830 457 sublatopcctore
852 387 955 458 terga..

214 468 310 540 Atque
331 464 405 524 notis
426 462 540 538 longam
563 462 730 521 maculosus
752 461 909 538 grandibus
931 463 1050 522 alvum:

215 547 294 618 Qui.
316 542 391 604 dum.
408 559 510 602 amnes
531 542 582 601 ulli
605 547 780 618 rumpmitur
801 541 949 609 lontibus,
973 547 1004 603 et
1024 544 1098 602 dum

217 624 296 685 Vera
317 624 433 684 madent
454 625 511 683 ndo
533 632 628 683 terras
649 641 682 683 aa
705 621 879 700 pluvialibus
899 626 1004 684 austris
1028 635 1065 690 ¹⁷,
1097 620 1099 627 ’
1165 686 1170 697 ,
1196 651 1203 659 ’

137 703 325 782 sansagus
347 705 436 774 colit,
460 705 587 780 ripisque
607 703 741 763 babitans
762 703 811 763 bic
830 703 957 781 piscibus
977 712 1073 764 atram

218 784 375 861 lmprobus
396 784 555 859 ingluviem
576 796 616 851 ²,
640 786 776 860 ranisque
799 783 970 861 loquacibus
990 783 1098 860 osplct.

217 862 378 941 Postquam
398 864 544 930 eslrausta
565 863 668 940 palus,
692 871 846 941 torraaqnc
867 866 972 925 ardore
992 863 1168 934 debiscunt,

215 944 321 1006 Essiiit
340 946 369 1004 iu
389 946 519 1009 siccum.
542 949 572 1003 et
592 942 771 1005 llarnmautia
791 944 902 1006 lumina
923 950 1062 1022 torquens

218 1024 317 1085 Saevit
337 1026 435 1103 agris.
458 1041 606 1101 asperque
627 1025 697 1092 siti,
722 1030 809 1103 atqua
830 1029 991 1088 exterritus
1012 1028 1109 1089 assiu.

135 1106 196 1179 b³5
216 1103 261 1166 Na
282 1103 352 1166 mibi
376 1112 439 1164 tum
461 1102 563 1164 molles
585 1105 638 1163 sub
658 1102 711 1164 dio.
727 1103 741 1148 ⁵
759 1123 879 1182 carpere
900 1123 1039 1176 somnos,

216 1184 283 1246 Ncn
302 1185 390 1244 dorso
410 1183 428 1233 4
450 1184 576 1244 nemoris
597 1185 686 1243 libeat
704 1185 832 1263 jacuisse
853 1205 905 1262 par
927 1186 1054 1247 barbas:

215 1265 291 1326 Cum
313 1266 414 1342 positis
436 1282 528 1324 novus
548 1266 660 1326 exuviis
681 1263 720 1335 ⁵,
743 1266 909 1342 nitidusque
928 1266 1051 1344 juventa

216 1345 374 1414 Volvitur,
398 1351 449 1404 ant
471 1343 587 1406 catulos
608 1347 713 1413 tectis,
735 1351 786 1406 aiat
805 1364 860 1405 ova
882 1346 897 1390 ⁶
917 1348 1084 1424 relinquens

217 1425 342 1487 Arduus.
358 1427 394 1487 ad
415 1423 532 1494 Solem,
556 1429 588 1486 ct
607 1424 711 1501 linguis
733 1429 821 1488 micat
842 1445 895 1487 oru
917 1427 1044 1487 trisulcis
1064 1439 1089 1487 t.

136 1503 197 1566 bit)
218 1506 388 1571 Morborum
409 1523 525 1583 quoquc
546 1509 578 1564 tc
599 1523 727 1576 causas,
749 1513 782 1566 at
800 1509 879 1583 signa
900 1507 1022 1567 docebo.

219 1586 329 1664 Turpis
347 1605 418 1647 oves
439 1591 534 1647 tentat
551 1583 688 1655 scabies,
711 1587 758 1645 ubi
781 1587 902 1663 frigidus
923 1588 1020 1647 imbor

219 1668 317 1726 Altius
338 1669 375 1726 ad
397 1670 498 1737 vivum
520 1665 671 1742 persedit,
695 1675 725 1726 et
747 1666 865 1726 horrida
886 1683 959 1726 cauo

217 1744 328 1810 Bruma
349 1747 438 1823 gela:
462 1746 508 1804 uel
529 1764 595 1804 cum
618 1748 708 1814 tonsis
730 1747 830 1809 tironus
848 1747 985 1806 adhaesit

220 1826 338 1898 Sudor,
359 1833 390 1888 et
411 1827 516 1886 hirsuti
540 1834 695 1885 secuerunt
718 1846 842 1902 corpora
864 1844 979 1903 vcprcs.

138 1903 200 1967 tib
220 1905 357 1968 Dulcibus
376 1907 487 1971 idcirco
508 1906 604 1964 ssuviis
626 1926 715 1982 preciis
734 1925 823 1966 omna
845 1906 976 1980 magistri

219 1989 425 2058 Profundum,
449 1988 571 2063 udisque
594 1989 671 2045 urias
693 1990 721 2046 in
743 1990 856 2062 gurgite
879 1989 953 2046 villis

223 2067 392 2137 Mersalur,
415 2070 578 2143 missusque
599 2070 727 2127 secundo
747 2068 850 2127 dclluit
870 2071 973 2126 amni:

446 2163 920 2216 lN'sERl'llETA'I'IO

60 2225 127 2299 gnis
142 2228 251 2282 maculis
266 2235 365 2283 notatus
376 2232 426 2285 aab
439 2230 516 2303 longa
530 2232 598 2284 alvo.
615 2232 668 2301 (lui
676 2272 683 2298 ‚
697 2233 810 2303 qnandiu
823 2233 903 2304 aliqui
916 2229 989 2284 lluvii
1002 2235 1164 2298 erumpnosa
1178 2226 1298 2293 icutibos3

59 2308 88 2364 et
119 2302 215 2355 asadia
228 2311 297 2359 terra
311 2303 417 2356 humida
429 2310 465 2354 cal
479 2313 588 2369 propter
601 2320 645 2355 vor
659 2303 734 2356 udum
748 2341 757 2367 ,
770 2314 795 2357 et
807 2315 907 2358 austros
918 2303 1080 2359 imbriferos:
1095 2308 1167 2357 amat
1182 2309 1298 2371 stagna,

61 2380 91 2425 ct
150 2390 198 2437 ens
208 2376 235 2426 ia
248 2375 314 2444 ripis
324 2375 376 2427 illic
389 2374 482 2426 aridus
497 2374 585 2443 implut
602 2376 699 2428 laedam
716 2377 805 2446 gulam
819 2378 930 2447 piscibus
948 2383 973 2428 et
992 2376 1061 2428 ranis
1078 2373 1217 2427 clamosis:
1233 2379 1299 2441 pust·

62 2458 140 2517 qu
149 2461 237 2517 squas
246 2443 467 2506 exsiccataesurrt
479 2485 487 2509 ,
501 2454 526 2498 et
540 2455 625 2501 torrae
640 2448 816 2515 triunculus,
831 2450 942 2517 emergit
953 2444 982 2498 iu
995 2448 1089 2500 siccam
1104 2452 1209 2503 terram,
1222 2452 1248 2496 ct
1262 2443 1300 2496 vi·

65 2513 141 2569 bru
151 2517 244 2572 oculos
254 2519 367 2588 ignitos,
382 2525 407 2570 et
420 2519 461 2569 siti
473 2528 648 2588 exasperatus,
663 2528 742 2589 atque
755 2522 891 2589 impatiens
903 2519 1015 2586 ardoris,
1027 2519 1090 2572 lurit
1103 2534 1148 2587 per
1161 2531 1248 2584 agros.
1262 2514 1301 2568 Nc

63 2584 127 2651 ῌἩ
138 2596 195 2644 lam
212 2591 298 2644 radiat
311 2590 340 2646 s'rr
352 2605 463 2648 mentam
475 2589 612 2659 indulgere
624 2591 694 2645 dulci
707 2609 793 2644 somno
807 2595 853 2645 sub
866 2608 928 2646 acro
940 2627 948 2656 ‚
962 2607 1009 2642 nec
1023 2591 1109 2662 iacere
1123 2591 1188 2640 iuter
1206 2585 1301 2641 herbas

60 2658 171 2733 balivis
184 2663 311 2719 nemoris:
327 2663 431 2734 quando
444 2662 492 2715 itte
505 2672 644 2716 renovatus
657 2665 769 2732 deposita
787 2665 868 2733 polla,
882 2674 906 2717 ot
917 2665 1053 2735 juventute
1064 2658 1240 2729 resplendens,
1254 2669 1301 2726 aut

60 2729 212 2802 miramus
223 2734 249 2786 in
263 2734 371 2787 latebris
384 2734 465 2788 laetus
479 2734 518 2786 val
533 2753 600 2795 ova,
615 2740 683 2805 repit
695 2745 795 2788 erectus
808 2737 839 2789 ad
854 2737 938 2790 b'olcm
950 2774 959 2801 ,
972 2735 1095 2789 etvibrat
1109 2734 1224 2802 linguam
1236 2728 1300 2786 trili-

59 2802 133 2867 (ΙΙΙ.
147 2805 253 2861 lloccbo
264 2814 289 2859 ta
301 2807 381 2859 ctiam
393 2822 482 2861 musas
494 2816 520 2858 et
534 2807 628 2859 iudicia
641 2810 797 2861 morborum.
813 2808 899 2862 Foeda
912 2807 1010 2861 scabies
1021 2807 1129 2876 corripit
1147 2821 1227 2870 oros,
1241 2818 1302 2857 cnm

62 2870 1302 3021 idtillbtwibbtdl‘bldnl¹¹laslilldil⁰‘ziiiilirlila'itsst

293 2987 301 3015 ²
656 2988 665 3016 ἱ
893 2990 901 3018 9

64 3017 200 3074 humant
210 3039 305 3087 euram
316 3037 433 3097 corpora.
451 3023 588 3089 Propterea
602 3030 714 3091 pastores
726 3025 812 3077 lsraut
825 3028 897 3094 aquis
908 3021 1025 3077 dulcibus
1040 3029 1120 3076 totum
1133 3036 1262 3089 gregeus,
1275 3025 1300 3071 et

67 3093 140 3155 sris·
149 3092 255 3158 bumido
268 3093 362 3149 rollers
373 3095 533 3164 demergitur
547 3095 571 3144 ia
584 3094 692 3149 lluvium
704 3132 712 3158 ,
726 3104 752 3150 et
766 3110 862 3150 mersus
880 3097 977 3167 rapitur
996 3111 1062 3166 aqua
1082 3094 1239 3165 profluente:
1255 3094 1300 3155 aut

66 3243 301 3314 ganearumque
317 3248 435 3307 describit
452 3265 465 3297 e
482 3245 620 3297 Nicandro:
631 3264 674 3298 no·
707 3248 787 3302 braim
804 3250 918 3317 corporis
942 3246 1062 3307 obducta,
1079 3246 1209 3313 foeniculi
1231 3257 1306 3292 rricco

66 3326 125 3383 neu
141 3310 225 3385 riusa
242 3330 329 3380 χερσος
356 3330 432 3372 tenu,
457 3322 482 3364 ct
505 3305 566 3378 udup
590 3330 675 3382 aqua,
707 3315 909 3379 impedimentum
927 3313 995 3363 iliud
1009 3315 1088 3374 exuit,
1103 3317 1242 3379 rutilasque
1254 3322 1305 3356 vers

67 3391 127 3442 qast
144 3393 170 3426 ur
189 3381 253 3431 lctis
270 3388 294 3428 et
311 3384 380 3449 aquis
398 3382 468 3431 vivit
489 3380 526 3429 Ex
543 3380 631 3431 Solino
649 3396 671 3430 c.
705 3400 760 3430 nrm.
779 3382 864 3432 Exuit
888 3392 971 3432 virttem
988 3399 1003 3430 a
1030 3384 1114 3447 cupite
1138 3383 1242 3445 primum
1259 3384 1306 3421 ΡΜ·

65 3444 93 3506 ὅ
110 3440 307 3509 frequentissima
326 3458 362 3499 est
377 3446 518 3512 chersydris
537 3446 672 3510 Calabria,
705 3451 784 3499 Juxta
796 3450 865 3523 alios
877 3450 967 3517 pellem
986 3448 1066 3509 cauit,
1085 3463 1132 3513 ptr
1147 3452 1212 3495 arcu
1226 3445 1313 3511 pettit·¹

64 3514 179 3569 ulrems,
195 3526 252 3575 pars
269 3512 502 3565 ltaliaemciidiciu
522 3530 615 3564 versus.
705 3533 761 3565 rum
777 3513 898 3567 formmna
914 3517 1072 3566 transeundo·

95 3575 285 3643 (omisis.)
303 3584 326 3632 Α
345 3580 447 3632 meridie
473 3580 599 3631 flantibus·
618 3579 672 3630 Eat·
739 3581 780 3642 (G)
797 3581 956 3631 Catulcsaul
973 3598 1028 3632 ova,
1046 3573 1230 3644 cto)0ntuli‚
1247 3584 1307 3635 pro-

65 3654 92 3692 ι
109 3641 153 3692 58'
707 3647 760 3713 prio
776 3654 833 3697 suut
848 3664 935 3696 canum
953 3647 1041 3697 factius
1063 3640 1228 3701 translative,
1245 3651 1306 3702 quu-¹
1359 3663 1362 3672 .

101 3707 143 3770 (a)
159 3705 413 3772 inpurissimum
430 3717 466 3762 est
484 3710 607 3778 gutturisr
625 3709 676 3761 sive
708 3713 827 3769 rumlibcl
842 3712 998 3763 animalium.
1027 3711 1176 3772 videratque
1192 3703 1308 3753 dubitare

67 3772 143 3840 pellis
158 3789 233 3847 (ψ,
250 3794 297 3842 qua
314 3779 384 3828 cibus
402 3794 482 3845 primo
505 3781 635 3844 ingratus,
651 3784 676 3829 el
708 3779 839 3843 Virgilius,
855 3779 917 3829 sitne
934 3775 1080 3842 clrcrsydrus
1095 3814 1101 3837 ‚
1118 3774 1260 3832 ovt'ttsslm,
1276 3786 1308 3818 Μ’

66 3840 152 3901 aditus
169 3839 312 3906 indigenas,
330 3845 481 3894 continetur.
709 3850 858 3911 vivipuruss,
875 3844 1081 3910 quemalurudnur
1098 3841 1128 3889 dc
1146 3838 1234 3905 vipera
1251 3853 1308 3888 mox

100 3904 142 3968 (3)
159 3898 211 3954 sub
226 3907 289 3975 dio.)
307 3911 358 3961 Sub
375 3912 446 3968 divo,
463 3909 508 3962 sub
521 3901 676 3970 lovltiv'at'·
707 3912 824 3961 disnnus.
841 3910 998 3962 Probabilius
1014 3906 1131 3972 oviparus
1148 3918 1203 3954 cst:
1229 3910 1253 3952 ct
1268 3902 1308 3953 bic

68 3968 113 4023 dc.
130 3971 213 4035 inquil
231 3975 319 4025 Horat.
336 3979 385 4042 Op.
404 3995 422 4026 r.
441 3992 460 4025 ι.
479 3976 531 4027 125.
551 3977 595 4023 sub
607 3975 675 4031 caelo
707 3982 806 4031 cirrati,
823 3976 963 4042 significant
981 3975 1058 4022 lustris
1073 3988 1103 4020 cx
1120 3969 1175 4019 ovis
1189 3986 1306 4036 agressos.

66 4046 91 4087 et
109 4053 186 4088 aare:
204 4040 262 4105 quia
282 4044 380 4110 Jupnu·
398 4058 444 4109 pro
461 4059 518 4096 aero
544 4042 672 4095 sumitur:
740 4045 779 4107 tp)
798 4043 899 4105 Linguis
917 4037 1105 4095 ...irturtcun
1124 4035 1306 4088 Aristotclesdc

66 4104 126 4155 side
145 4102 180 4152 G.
200 4121 223 4152 a.
241 4109 297 4158 dab
707 4115 773 4172 part.
791 4106 890 4156 aiiirnol-
907 4108 924 4155 l.
942 4120 964 4154 2.
986 4120 1023 4168 ¹5·
1041 4112 1184 4172 serpentum
1196 4103 1307 4168 linguam

104 4169 144 4235 (4)
165 4172 270 4238 Dorso.)
290 4173 335 4221 l'el
355 4180 432 4223 dorso
449 4170 622 4234 tremoris,id
640 4177 675 4221 est
707 4175 818 4233 agrioscit
845 4173 941 4237 longara
964 4187 993 4219 ac
1015 4167 1227 4237 bilidarnsrpoetac
1244 4169 1306 4221 trib,-
1391 4178 1394 4183 '

62 4235 134 4285 'clive
152 4244 176 4286 et
194 4238 257 4289 colle
275 4257 414 4299 vieinoroso,
429 4241 472 4304 qni
492 4241 516 4287 in
529 4240 676 4289 ‹latissimas-
707 4237 776 4285 darn:
797 4239 847 4287 sive
864 4237 929 4303 quod
948 4236 974 4284 in
993 4239 1092 4285 rnodum
1119 4236 1228 4301 cuspidis
1244 4251 1306 4283 con-

63 4301 158 4367 uirgis.
178 4304 241 4368 Vel,
272 4315 299 4356 ut
321 4307 373 4356 vuit
391 4307 574 4368 Mancini-llus,
599 4304 674 4352 dorso
706 4303 810 4352 sorrnata
828 4303 918 4368 triplex
938 4302 1307 4367 iiabcatacumenasivoquod

63 4369 195 4438 jaceatne,
214 4372 239 4421 id
257 4380 302 4434 est,
321 4375 461 4438 rcsiipiuunr
480 4373 591 4437 jacintus.
707 4370 741 4418 ita
761 4368 872 4417 vibretur
890 4369 1022 4430 celeriter,
1041 4378 1068 4418 ut
1084 4387 1134 4418 non
1152 4376 1247 4418 tanturn
1264 4367 1307 4414 tri-

74 4444 78 4450 '
102 4432 145 4499 (5)
161 4435 225 4487 Cum
244 4440 330 4502 pusilis
346 4456 425 4491 navus
441 4439 545 4500 curaliis,
563 4433 674 4500 a·iu.)t'li-
708 4436 764 4490 fiala,
784 4433 824 4482 sud
842 4435 934 4501 triplex
951 4436 1023 4485 ctiam
1041 4444 1176 4504 appareat:
1195 4433 1306 4487 ritrdto·

64 4501 124 4565 raias
144 4501 161 4555 l.
179 4503 205 4557 8.
226 4521 267 4571 αῖ.
286 4507 388 4573 Anguis
412 4503 515 4558 biberim
534 4521 585 4559 suu
603 4517 673 4552 irrent-
708 4503 759 4558 rut.
778 4502 838 4552 blit-
858 4500 880 4553 3.
903 4503 934 4567 ip
967 4500 1074 4568 Tvvspnr
1092 4499 1307 4564 uiicuiiitiugruu.

1410 4434 1416 4461 l
