2866 5234
242 267 305 332 ³⁰8
605 265 639 333 P.
662 262 827 330 venditit
850 265 1030 337 ussurus

364 362 482 429 ltaliam
499 362 578 428 laeto
597 369 668 427 socii
689 367 821 429 clamore
841 368 979 431 salutant.

285 441 347 507 525
367 445 445 507 Tum
468 455 553 527 pater
573 447 717 507 Anchises
739 463 878 524 magnum
900 453 1017 509 cratera
1037 466 1150 512 corona

365 522 467 586 induit
489 540 529 598 ¹,
552 525 746 602 implevitque
768 544 872 587 mero:
896 529 1040 605 dirosque
1061 532 1204 607 vocarit,

366 602 457 664 Stans
475 604 555 665 celsa
577 606 605 664 in
627 607 744 681 puppi:

365 680 442 820 Pii,
466 686 558 742 maris
578 691 611 743 et
630 690 731 743 terrae
754 688 1030 762 tempestatumque
1050 688 1214 762 potentes.

356 787 360 795 ¹
391 767 456 820 erto
476 766 555 822 riam
578 769 667 821 vento
687 761 830 832 incitem,
852 768 884 822 ct
903 767 1017 840 spirate
1038 765 1174 826 secandi.
1273 796 1277 803 ·

284 837 347 902 530
369 839 567 901 Crebrescunt
586 846 706 918 optatae
728 859 843 903 aurae:
867 853 1028 920 portusque
1050 847 1177 920 patescit
1267 858 1280 903 ·.

367 919 437 977 lem
459 927 602 997 proptor,
626 920 831 997 temptumque
853 929 976 998 apparet
998 927 1028 983 in
1048 940 1119 983 erce
1140 922 1286 985 Minerrat

370 996 444 1055 Vela
465 999 568 1074 legunt
589 1000 688 1063 socii.
711 1006 743 1057 et
763 1017 865 1076 proras
886 999 923 1061 ad
945 1002 1032 1064 litora
1054 1006 1205 1078 torquent.

369 1075 479 1136 Portus
500 1080 537 1137 ab
558 1074 621 1136 Eoo
643 1077 735 1150 ssiictu
757 1077 772 1123 ³
796 1088 939 1138 curvatur
960 1082 989 1141 in
1010 1097 1142 1153 ereum,

366 1152 509 1230 dejectae
530 1156 610 1216 salsa
634 1164 772 1231 spumant
791 1160 949 1233 aspergine
970 1165 1096 1226 cautes,

291 1232 353 1297 535
375 1236 442 1310 lpse
464 1234 558 1295 letet:
582 1239 700 1310 gemino
714 1238 882 1296 senuerunt
904 1237 1023 1307 liracliia
1047 1253 1132 1297 muro

369 1313 483 1391 Trrrriti
505 1317 621 1392 scopuli
642 1314 687 1382 ⁴,
710 1319 882 1392 refugitque
902 1334 919 1374 a
941 1318 1029 1376 litore
1052 1315 1206 1392 tempium.

371 1393 510 1466 Quatuor
531 1395 602 1460 liic.
626 1399 756 1471 prunum
780 1413 889 1465 onnon,
913 1413 1007 1472 equos
1028 1398 1058 1455 iu
1080 1400 1215 1473 gramina
1235 1394 1299 1463 ridi

369 1472 541 1534 Tondentes
563 1490 700 1548 campum
723 1474 806 1542 late.
829 1472 959 1543 candore
982 1474 1084 1534 nivali.
1297 1478 1300 1485 '

369 1549 410 1611 Et
431 1558 515 1628 pater
535 1552 704 1613 Anchises:
728 1553 868 1622 Bellum,
892 1571 910 1612 o
933 1563 1010 1613 terra
1034 1555 1175 1629 linspita.
1197 1556 1303 1632 portu

293 1631 355 1698 did
375 1630 456 1691 Bello
477 1639 630 1693 armentur
652 1634 741 1710 equi:
767 1634 877 1693 beilum
899 1632 973 1691 liaeo
993 1640 1129 1692 armenta
1152 1636 1303 1695 minantur

373 1709 431 1770 Sed
453 1718 550 1771 temen
576 1714 665 1772 iidem
688 1716 760 1772 olim
782 1730 871 1774 curru
895 1709 907 1753 ⁵
933 1711 1095 1771 succedere
1114 1713 1192 1771 sueti

370 1789 614 1870 Quadrupedes,
637 1800 667 1850 et
689 1791 788 1852 fraena
806 1793 880 1871 jugo
902 1789 1059 1851 concordie
1081 1793 1184 1851 torre:
1219 1862 1224 1873 ι

368 1869 443 1946 Spes
465 1876 512 1932 est
533 1873 636 1949 pacis,
659 1873 713 1931 sit.
736 1872 815 1944 Turn
835 1874 955 1930 nurnine
977 1875 1080 1929 sancta
1101 1885 1264 1947 precamur

369 1948 499 2010 Palladis
520 1952 710 2029 armisonae,
733 1968 809 2025 quae
832 1955 929 2027 prima
951 1951 1066 2025 accepit
1087 1956 1236 2010 ovantes:

289 2025 352 2090 tte
372 2023 412 2084 Et
431 2031 528 2106 cupita
549 2034 617 2089 ante
637 2046 704 2088 eres
727 2027 859 2106 Phrygio
882 2030 1019 2087 velemur
1040 2033 1151 2090 amictu
1170 2027 1212 2085 ⁶:

594 2113 1070 2173 tuussulussuuutu

210 2204 329 2264 'Achates
341 2204 441 2276 primns
454 2204 602 2262 conclamat
616 2205 736 2261 ltnliarn:
751 2208 814 2260 socii
830 2209 943 2262 clamore
955 2207 1030 2267 hilari
1049 2205 1160 2260 salutant
1178 2204 1293 2263 ltaliam.

212 2277 341 2334 Anchises
353 2277 435 2331 cinxit
448 2294 488 2329 me
529 2295 573 2331 um
591 2266 710 2348 poculdm
724 2296 831 2343 corona,
844 2288 870 2331 ct
883 2281 996 2350 replerit
1009 2281 1087 2345 tino,
1101 2286 1126 2331 et
1139 2279 1271 2333 invocavit
1287 2277 1303 2333 d

213 2350 241 2413 in
256 2348 310 2400 altu
326 2364 427 2418 puppe:
447 2349 470 2403 Ο
502 2349 531 2417 ii,
544 2349 593 2409 ait,
609 2348 738 2418 priesidcs
751 2354 830 2403 maris
843 2359 867 2403 ct
881 2359 968 2404 terroe
980 2360 1007 2404 ct
1020 2358 1209 2418 tempestatum,
1222 2349 1281 2404 dete
1298 2368 1303 2402 r

209 2417 318 2472 incitem
330 2438 382 2488 per
395 2426 511 2488 ventum,
526 2430 552 2473 et
565 2418 648 2471 [urite
660 2426 784 2491 prosperi.
802 2426 938 2492 lugentur
951 2422 1027 2474 llatus
1040 2421 1188 2487 rimidrud,
1200 2430 1227 2474 et
1239 2428 1304 2490 porti

209 2490 270 2560 pior
282 2491 409 2560 operitur,
424 2499 450 2543 ct
463 2493 489 2543 in
503 2497 585 2545 monte
598 2501 708 2559 appnrct
723 2492 845 2562 templum
863 2493 986 2547 Palladis.
999 2494 1068 2546 Socii
1087 2491 1214 2560 colligunt
1232 2495 1303 2557 ecla,

211 2578 304 2631 proras
317 2562 347 2613 nd
362 2561 446 2615 litore.
462 2563 553 2615 Portus
566 2563 599 2613 ab
613 2563 728 2614 orientali
744 2567 809 2617 utari
822 2575 945 2617 curretur
960 2566 984 2614 in
998 2580 1098 2623 orcum,
1113 2564 1303 2632 superopposit

209 2633 276 2685 salse
289 2632 437 2703 aspergine,
450 2633 503 2702 ipse
511 2643 610 2703 portur
622 2636 738 2687 occultus
751 2643 790 2687 est
802 2653 810 2700 ;
824 2635 920 2703 scopuli
936 2634 1048 2687 turribus
1060 2632 1165 2687 similer
1177 2633 1303 2687 demittun

210 2704 294 2756 latera
310 2705 391 2773 querci
404 2702 498 2772 duplici
512 2721 588 2756 muro
602 2740 611 2767 ‚
623 2713 650 2756 et
663 2704 785 2775 templum
800 2707 896 2760 recedit
908 2724 925 2759 a
939 2705 1022 2757 litore.
1036 2706 1093 2758 lllic
1105 2703 1158 2757 ridi
1172 2706 1199 2758 ia
1214 2702 1300 2773 pratis

209 2791 274 2846 quos
289 2773 402 2828 caudore
416 2776 492 2827 niceo
505 2774 556 2828 late
569 2787 708 2844 carpentes
724 2778 839 2845 herbam,
854 2778 992 2848 quodlicet
1005 2777 1116 2844 pri-num
1129 2792 1216 2829 omen.
1232 2776 1265 2829 Et
1279 2792 1303 2843 pt

210 2862 251 2900 aes
265 2847 310 2897 ait:
326 2848 348 2898 0
362 2853 433 2899 terra
448 2846 593 2913 hospitalis,
609 2848 741 2915 portendis
756 2849 864 2902 trellum:
881 2848 946 2915 equ
960 2856 1092 2900 armantur
1105 2848 1136 2899 ed
1152 2847 1259 2901 bellurn:
1273 2847 1303 2899 tn

212 2918 348 2971 minantur
363 2914 468 2970 bellum.
483 2915 536 2970 Sed
549 2927 633 2971 tamen
647 2919 723 2972 iidem
737 2921 796 2990 equi
810 2920 903 2972 assueti
916 2929 980 2971 curu
993 2921 1078 2971 subire
1090 2934 1196 2972 currum
1208 2929 1235 2972 et
1255 2934 1301 2988 por

210 2989 352 3041 cuncordia
367 2987 415 3041 rod
426 2988 501 3060 jugo:
517 3004 575 3060 spes
589 2998 625 3041 est
638 2993 721 3059 peris.
735 2992 811 3046 Tunc
824 3006 926 3042 oramus
939 2996 1051 3041 sanctam
1071 2990 1236 3043 divinitatem
1254 2988 1302 3043 Pal

162 3070 164 3075 ·
211 3074 303 3130 gerse,
311 3074 376 3129 quae
389 3061 472 3129 prima
484 3061 588 3131 excepit
599 3059 689 3123 laetos3
702 3069 727 3114 et
739 3072 804 3115 ante
816 3061 910 3115 altario
923 3059 1036 3130 tegimur
1047 3061 1163 3134 Plirygio
1171 3061 1269 3115 amictu
1279 3076 1303 3116 ct

207 3207 280 3268 parte
296 3198 356 3251 altis
373 3199 499 3250 montibus
517 3209 602 3254 rarctr
615 3209 668 3252 tum
680 3206 739 3269 qu³e
749 3222 761 3253 e
771 3203 825 3252 lon·
856 3179 949 3266 glum,
965 3201 1072 3251 multum
1088 3200 1303 3268 procommissi

208 3269 305 3333 ginquo
322 3265 491 3380 ammantibus
508 3267 626 3317 altissima
650 3285 764 3335 querque
781 3270 827 3318 liu-
860 3283 942 3317 ortum
962 3267 1118 3329 Hylen-unni.

209 3331 325 3382 miliani
359 3338 511 3380 nlurrtum
528 3332 820 3398 quiuuuircrsirurneie
888 3333 929 3395 (3)
947 3333 1039 3382 Portus
1055 3333 1087 3381 ali
1106 3332 1161 3381 Eoo
1180 3328 1290 3393 ssiictu}

207 3396 285 3449 terris
301 3396 376 3449 eitius
393 3404 505 3461 apparet.
854 3402 977 3446 nitentem
996 3398 1145 3446 ‹ilorci-titur:
1165 3405 1213 3445 um
1233 3400 1303 3446 Anrr

242 3463 284 3526 (t)
301 3463 408 3515 Cratera
425 3476 515 3510 sororia
535 3460 631 3515 luduit.
650 3464 720 3527 etc.)
740 3465 821 3514 Corn-
855 3464 886 3513 ab
905 3465 1000 3525 oriente
1018 3464 1136 3513 irascitur.
1157 3465 1303 3511 Arcem-vc

208 3542 273 3578 nure
291 3526 429 3594 poculum,
454 3525 505 3574 diro
520 3526 574 3588 rign
587 3526 654 3576 trent.
675 3529 821 3594 Aliquando
855 3529 894 3575 vri
914 3546 958 3590 pio
977 3527 1116 3576 munitione
1133 3527 1225 3589 aliqua,
1242 3542 1303 3590 quar

206 3593 312 3656 implere
328 3597 406 3655 viiio,
422 3597 450 3641 ut
466 3591 576 3643 diximus
601 3591 694 3656 Giorg.
715 3611 739 3643 n.
759 3596 816 3646 528.
851 3593 917 3642 send·
927 3602 972 3645 retr
993 3604 1031 3641 vet
1045 3609 1091 3656 pro
1105 3596 1157 3657 ipro
1167 3595 1272 3654 scopulo
1285 3607 1302 3656 p

208 3657 355 3734 Aliquando
372 3658 471 3723 cingere
488 3653 581 3708 coiere
599 3656 677 3706 llorcn
693 3694 700 3717 ‚
719 3666 746 3709 ut
764 3660 817 3710 liic':
851 3661 918 3707 ‹iiiid
929 3677 1002 3722 capot
1013 3659 1118 3715 dicitnr,
1129 3657 1303 3722 utrxplicuiin

195 3723 332 3786 -siandem
343 3723 383 3774 hie
397 3731 529 3788 utrumque
540 3722 710 3788 distinguitur:
725 3739 820 3774 currem
853 3677 948 3786 deneg.
967 3727 988 3786 q.
1010 3723 1069 3785 461.
1088 3721 1195 3770 Fluunt
1206 3720 1303 3785 A'lindq

208 3787 490 3855 irretirir,irnplevitque
506 3804 582 3837 mero.
609 3788 646 3837 Er
677 3790 819 3839 libationem
887 3790 926 3852 (4)
945 3788 1048 3838 llrsclua
1069 3805 1141 3853 muro
1159 3789 1257 3836 Turriti
1276 3804 1303 3835 ae

209 3856 344 3916 exprimit,
359 3854 432 3905 facilc
445 3860 480 3905 'ac
496 3852 672 3920 quotidianum
699 3856 748 3904 diis
765 3855 820 3921 sere
852 3860 934 3903 turres
955 3864 1036 3905 esurit.
1056 3870 1100 3902 nec
1120 3853 1240 3903 lirsclrin:
1258 3852 1300 3901 aed

208 3920 325 3966 0111111111
351 3920 522 3976 ῦπῐίῐὶῦίυω»
551 3919 603 3969 vini
628 3920 773 3971 etlirsiouern
794 3923 818 3969 in
853 3926 932 3968 rectae
950 3918 976 3966 in
996 3920 1098 3968 nitidum
1116 3918 1302 3977 uicinorum,

208 3994 289 4030 marc.
310 3985 346 4030 lte
366 3986 495 4047 titutione,
514 3985 577 4035 Aen.
601 4001 622 4034 t.
642 3984 701 4049 740.
853 3984 932 4033 instar
951 3993 1069 4031 turrium·
1088 3984 1204 4048 Propert.
1222 3975 1303 4033 lud-2

241 4046 282 4109 (a)
299 4047 435 4110 Teirrplnni
454 4052 480 4099 in
499 4069 554 4102 erce
577 4050 726 4114 Minervae.)
743 4052 820 4100 ‘l’cm-
852 4049 910 4098 dnm
928 4065 976 4109 ego
999 4048 1110 4098 Theseos
1131 4047 1239 4097 luni-luo
1258 4049 1303 4110 lori

206 4107 279 4175 plum
300 4111 325 4157 in
345 4120 517 4174 promontorio
533 4118 650 4182 iapygio,
670 4117 720 4166 sive
736 4116 820 4168 Silen-
884 4116 925 4178 (5)
942 4114 1037 4173 Cereris,
1056 4119 1119 4175 etc.)
1137 4115 1186 4164 Pro
1194 4113 1295 4171 cremari,

208 4175 282 4223 tino:
311 4176 514 4240 deqnnStrolio
534 4185 551 4229 l.
573 4184 597 4231 6.
627 4183 656 4231 dc
683 4183 821 4234 sntirunris
853 4185 943 4236 tracto.
962 4180 1018 4229 eet.
1039 4179 1062 4228 5.
1082 4196 1122 4243 29·
1144 4180 1181 4228 De
1200 4176 1303 4228 Palladi

207 4238 333 4304 loquens:
353 4243 385 4292 Ee
402 4247 489 4292 rande
511 4239 534 4294 dr
549 4259 594 4295 reri
611 4265 652 4293 ezr
675 4267 706 4298 ro
731 4261 774 4303 της
792 4259 821 4295 A·
856 4247 918 4295 Aen.
937 4259 958 4294 r.
980 4242 1022 4308 43.
1043 4246 1078 4294 Dc
1092 4245 1218 4298 ovatione,
1237 4243 1303 4310 pro'

209 4305 280 4355 Diras
296 4325 358 4370 upon
373 4317 465 4358 cursam
482 4328 546 4358 ποτε
564 4319 611 4361 etc.
630 4310 682 4361 Hic
702 4330 758 4361 icio
771 4312 822 4369 fitt't
854 4326 898 4376 pre
917 4325 943 4358 V·
966 4310 1022 4373 189·

210 4381 234 4418 et
255 4370 391 4420 Minu-erre
410 4375 524 4436 teniplirm
543 4373 609 4424 iliius
633 4376 712 4428 olim.
731 4389 754 4429 ct
772 4394 827 4427 scu-
889 4373 931 4436 (6)
951 4370 1064 4437 Phrygii)
1080 4370 1193 4420 'dmm'
1209 4369 1301 4421 1111ῑῦ111

207 4438 286 4498 netas
303 4451 377 4505 quem
396 4450 489 4491 vocent
513 4445 715 4503 promontorium
743 4442 826 4513 Japy·
858 4443 1018 4509 pracceptum
1034 4435 1146 4500 fidenis·
1173 4435 1303 4504 11111101
