2866 5234
504 320 696 396 ratuinus
718 329 788 393 utu.
811 330 856 392 l'l.
1193 328 1250 391 tat

226 441 377 518 luppiter,
398 445 427 498 ct
449 438 533 499 rebus
554 455 608 498 noa
630 436 746 499 abstulit
765 441 828 497 atra
849 432 988 495 colorem.
1052 468 1056 473 -

228 521 408 599 vestiturlum
430 527 439 554 ¹
460 528 528 579 ante
547 519 641 596 ipsum
661 517 819 596 primisque
841 518 868 574 in
888 513 1019 576 lancibus
1039 504 1130 584 Orci,

228 601 336 661 lnctns
357 607 389 661 ot
408 600 524 660 ultrices
542 614 667 676 posuere
688 596 794 660 cubilia
813 595 928 659 Curae:

154 679 213 745 275
234 680 428 756 Pallentesque
448 677 580 739 habitant
599 677 714 749 Morbi,
738 677 883 754 tristisque
902 676 1063 743 Senectus,

228 761 267 820 Et
288 768 381 821 metris
397 765 457 828 ,et
477 760 642 829 malesuada
663 756 769 821 Fames
789 764 823 825 t.
844 762 875 818 ct
887 756 987 830 turpis
1007 754 1149 836 Egestas,

227 841 383 902 Terribiles
396 842 466 899 'sisu
488 837 621 909 iormae;
644 837 828 916 Letumque,
847 836 1010 912 Laborque:

227 920 301 981 Tum
323 921 552 996 consanguineus
572 927 582 956 ³
604 919 668 979 Leti
691 918 808 993 Sopor,
829 922 859 977 et
879 917 953 983 mala
975 916 1082 976 mentis

224 999 337 1062 Gaudia
359 1003 394 1069 ⁴,
416 1001 655 1078 mortiferumque
675 997 795 1059 adverso
815 998 843 1057 in
866 996 965 1058 limine
986 995 1122 1067 Bellum..

149 1080 208 1142 280
227 1079 382 1158 Fericique
402 1079 595 1141 Eumenidum
615 1078 735 1140 thalami
756 1082 789 1149 ι’,
810 1084 841 1138 et
863 1074 1014 1139 Discordia
1031 1075 1150 1139 demens

81 1162 84 1167 “
119 1186 123 1191 ·
230 1161 384 1240 vipereum
405 1162 513 1221 crinem
534 1161 615 1221 sitris
636 1163 740 1220 innexa
760 1158 901 1222 cruentis.

224 1242 256 1302 lu
277 1241 374 1301 medio
394 1256 493 1309 ramos
512 1256 675 1316 annosaque
695 1239 816 1302 brachia
835 1240 932 1318 pandit

225 1321 324 1383 Ulmus
343 1336 455 1400 opaca.
477 1322 601 1397 ingens:
625 1338 711 1397 quam
729 1319 828 1383 sedem
848 1325 860 1352 ⁸
881 1318 997 1382 Somnia
1017 1320 1103 1396 vulgo

225 1407 302 1462 tana
323 1409 423 1497 tcuyo
445 1400 562 1470 icrunt,
585 1400 716 1478 loliisque
735 1400 791 1461 sub
811 1401 945 1463 omnibus
964 1403 1092 1463 haerent.

145 1482 205 1544 ast
227 1486 368 1560 Martiaque
388 1487 536 1559 praeterea
558 1483 702 1541 variarum
723 1485 852 1540 monstra
867 1479 1019 1548 terarum.
1104 1510 1108 1517 =

224 1563 359 1625 Centauri
380 1568 390 1597 t
412 1561 442 1620 iu
463 1561 574 1621 loribus
593 1559 741 1621 stabulant
751 1556 923 1636 Soyllaeque
943 1559 1099 1630 biformes,
1117 1611 1120 1617 .

224 1646 258 1706 Et
280 1641 528 1719 centumgeminus
548 1639 686 1723 Briareus
705 1645 737 1708 ⁸,
759 1654 792 1698 ae
813 1639 907 1698 bellua
928 1639 1042 1698 Lernae

396 1808 400 1819 ·
466 1775 880 1835 tusnuruurauro

64 1905 116 1972 puit
134 1901 207 1953 rcbus
224 1899 347 1952 colorem.
366 1896 433 1952 Anto
450 1896 531 1969 ipsum
546 1897 694 1953 vestituum
714 1905 740 1952 at
756 1899 783 1953 iu
801 1897 886 1953 auditu
904 1897 1063 1966 inferorum,
1083 1897 1176 1954 Latoius
1190 1904 1216 1954 si
1233 1897 1284 1954 Cu·

65 1992 108 2026 rac
127 1971 238 2024 vindices
255 1969 368 2022 iixcrunt
384 1968 493 2024 cubilia:
513 1967 652 2055 babitantp.
671 1970 756 2025 Morbi
774 1969 880 2043 pallidi,
898 1974 924 2021 ct
942 1978 1037 2027 maesta
1053 1971 1184 2040 Seueeius,
1192 1972 1286 2041 bletus,

61 2054 86 2099 ct
105 2043 199 2096 Fames
214 2041 319 2104 suadens
337 2040 424 2108 mala,
444 2047 468 2096 ct
485 2048 616 2114 paupertas
631 2042 754 2110 salamis,
776 2052 876 2114 spectra
893 2043 1000 2098 horrida
1017 2052 1137 2114 aspectu:
1152 2050 1183 2103 et
1196 2047 1287 2113 Mota,

61 2124 87 2169 ct
107 2116 207 2169 Labor:
224 2112 317 2167 deiude
335 2115 444 2168 Somnus
460 2111 541 2168 irater
558 2113 652 2169 Mortis
657 2153 668 2182 ,
696 2121 722 2168 et
739 2113 837 2169 Gaudia
852 2114 933 2168 animi
949 2116 1094 2183 scelerata,
1110 2121 1136 2171 et
1152 2115 1181 2170 iu
1196 2115 1287 2172 limina

59 2192 174 2258 opposito
191 2186 288 2241 Bellum
307 2183 484 2254 mortiierum,
496 2190 523 2239 et
538 2182 624 2240 icrrea
640 2185 757 2242 cubicula
775 2186 931 2255 Furiarum,
942 2195 969 2241 et
980 2187 1114 2247 Discordia
1130 2189 1224 2243 insana-
1236 2188 1289 2245 iar-
1371 2249 1376 2259 ι

62 2262 147 2329 ΙιΙίοἰιι
167 2259 256 2315 taeniis
287 2313 293 2321 ,
348 2256 465 2311 inolentis
481 2257 673 2330 ct'rcoeapilloo
688 2255 890 2341 sanguineosln
908 2258 1128 2317 mediooeata'dulo
1143 2259 1287 2316 ulmnoma·

59 2349 112 2403 gna
130 2332 247 2386 umbrosa
263 2274 374 2401 abiibat
389 2346 473 2384 nanos
490 2336 518 2383 et
534 2331 640 2384 brachia
657 2337 761 2385 sotera:
780 2330 851 2404 ajunt
867 2330 946 2405 vulgo
959 2332 1059 2387 aemuia
1076 2333 1161 2388 inania
1175 2350 1285 2405 oocupa-
1361 2372 1364 2380 ·

59 2423 88 2457 rc
105 2403 172 2458 buuc
190 2404 290 2470 locum,
309 2411 335 2456 et
350 2405 409 2475 a'pao
425 2402 515 2456 aedem
534 2401 580 2456 rub
598 2403 715 2457 omnibus
733 2399 874 2459 frondibus.
892 2406 926 2460 Et
943 2413 1072 2476 practerea
1087 2413 1187 2475 spectra
1204 2406 1288 2478 plori-

58 2493 101 2530 ma
117 2475 226 2530 aliarum
244 2475 359 2529 serarum
385 2479 490 2528 manent
508 2473 540 2527 ad
556 2483 644 2546 portas
669 2475 806 2544 Centauri,
833 2476 934 2550 Scyllae
960 2477 1100 2543 bilormas,
1126 2485 1153 2532 at
1167 2474 1286 2535 Briareia·

92 2616 133 2689 (a)
149 2615 334 2690 Vestibulum).
355 2617 471 2688 Spatium
489 2623 546 2684 eat,
563 2618 655 2671 sinea-
724 2617 765 2690 (5)
787 2618 955 2674 Eumenidum
979 2617 1120 2687 thalami).
1139 2618 1197 2672 Non
1224 2606 1309 2676 lecti·

57 2706 125 2756 rea,
144 2706 210 2759 quac
228 2690 296 2742 riam
313 2707 330 2742 a
346 2689 422 2744 domu
440 2688 551 2753 dividit,
567 2696 654 2759 cstqne
689 2690 862 2761 conmutat,
880 2688 942 2761 quia
958 2706 1092 2758 numquam
1109 2704 1219 2758 nupsere
1234 2690 1285 2743 Fu·

56 2767 116 2831 aute
133 2767 227 2830 portam
250 2759 360 2814 aedium.
380 2762 407 2814 ln
438 2757 486 2813 boc
515 2756 654 2814 inferorum
690 2761 766 2827 riae;
784 2762 826 2816 scd
843 2766 941 2828 sedeo,
958 2759 1099 2828 moden,
1118 2760 1159 2815 aci
1174 2756 1220 2812 ubi
1236 2777 1282 2813 ua·

56 2832 181 2885 vestibulo
192 2830 278 2884 varias
287 2828 406 2885 describit
417 2831 580 2897 calamitates,
594 2849 656 2901 quas
690 2840 731 2885 tae
747 2841 826 2900 sunt,
845 2833 885 2885 vcl
901 2832 945 2885 nbi
963 2830 1123 2885 decumbunt:
1136 2829 1235 2902 proprio
1245 2840 1283 2885 ta·

56 2904 194 2971 horrendis
211 2901 300 2958 formis
317 2910 343 2957 et
359 2904 430 2974 quasi
446 2901 592 2972 corporibus
610 2922 652 2957 ve·
686 2906 746 2958 meu
764 2907 893 2959 titulumne
904 2903 998 2959 dieitur
1012 2903 1043 2956 dc
1054 2903 1176 2957 cubiculo
1183 2905 1282 2974 nuptia·

53 2976 107 3030 atit.
120 2973 172 3030 ilas
188 2975 244 3030 sero
266 2992 353 3029 omnes
369 2980 503 3028 enumerat
520 2973 654 3028 Cicerode
688 2976 719 3043 li,
736 2993 753 3028 a
764 2976 856 3032 danao
867 2975 948 3033 raico.
960 2977 999 3030 nc
1011 2974 1208 3045 somniatus,
1218 2975 1282 3035 AEu.

54 3054 148 3101 natura
172 3047 302 3113 deorum,
329 3046 348 3098 l.
369 3046 395 3099 a.
415 3045 458 3110 44:
478 3042 570 3115 sitque
595 3064 653 3099 csse
690 3048 800 3116 Μῦς).
819 3046 915 3120 Georg.
936 3045 962 3102 3.
981 3047 1043 3103 552.
1114 3073 1117 3077 <
1208 3060 1213 3071 ¹

55 3121 143 3173 Noctis
161 3127 187 3173 ct
205 3118 282 3172 unni
301 3117 379 3188 filias.
400 3119 493 3173 Locum
510 3117 586 3171 otiam
603 3119 652 3171 laa-
729 3120 764 3189 ii)
779 3117 862 3184 Quam
877 3120 987 3189 malam,
1013 3125 1062 3174 eto.
1072 3117 1097 3246 p.
1114 3118 1219 3178 Somnia
1234 3122 1281 3177 nib

53 3189 114 3243 bcut
133 3192 200 3246 iuter
211 3188 301 3245 Noctis
311 3190 401 3245 liberos
417 3186 560 3242 iullesiodi
570 3188 652 3244 ibeo·
687 3209 720 3247 ar
752 3210 782 3246 ra
799 3192 886 3263 patula
901 3198 926 3245 ct
943 3210 1023 3264 opaca
1042 3192 1073 3247 oo
1091 3196 1171 3261 neat,
1249 3194 1282 3249 lia

53 3264 152 3346 genia,
171 3280 195 3315 a.
216 3264 277 3319 aab.
301 3264 406 3329 Orous,
426 3261 467 3315 hie
482 3256 651 3344 porciniana,
687 3268 746 3336 apta
762 3262 1092 3321 sommnoconcit'mto:
1119 3281 1132 3317 s
1188 3211 1281 3336 a,

53 3334 113 3387 aiibi
132 3352 179 3404 pro
196 3334 245 3389 dco
262 3334 404 3391 inferorum
422 3340 549 3397 sumitur,
568 3333 650 3401 inira,
686 3332 747 3408 quia
765 3335 893 3391 utalaam
906 3338 998 3392 ateril‘u
1015 3336 1166 3402 arborest,
1187 3339 1222 3394 ita
1241 3354 1282 3391 ra·

53 3421 78 3455 r.
101 3406 163 3460 iad.
586 3411 592 3423 '
687 3425 722 3463 ua
739 3415 766 3462 et
780 3422 853 3463 caasa
870 3406 949 3482 tulga
965 3408 1071 3467 ωιιιιιὶιι
1089 3407 1136 3462 sub
1144 3407 1236 3480 solii,
1247 3406 1280 3463 ob

87 3477 127 3550 (a)
154 3477 302 3533 Malesuaila
328 3474 449 3547 Fames).
472 3475 527 3531 Nou
553 3483 650 3534 tantum
684 3480 811 3534 levitatem
836 3487 863 3536 ct
893 3479 1081 3538 mobilitatemr
1111 3489 1138 3532 et
1163 3479 1224 3552 quia
1248 3497 1279 3535 ao

53 3557 91 3603 cst
107 3552 194 3620 siaopso
212 3553 319 3607 motus:
337 3549 382 3603 aad
410 3549 488 3601 etiam
513 3550 648 3618 domitia,
684 3559 798 3625 tompore
812 3570 863 3624 quo
881 3554 977 3608 cadunt
992 3549 1278 3622 arborumloiia,prae·

51 3628 79 3675 ct
96 3622 162 3677 oara'
173 3623 356 3696 sacrosantae
367 3660 378 3689 ,
394 3636 460 3693 quae
477 3618 576 3676 nullum
594 3640 646 3681 uon
682 3628 771 3682 sorum
787 3641 854 3677 rana
871 3642 924 3681 etse
940 3625 1041 3681 somnia
1058 3618 1276 3693 auguraretur.
1342 3635 1352 3652 ⁰

50 3694 137 3747 suadet
156 3695 250 3749 scelus.
716 3695 757 3770 (7)
773 3693 913 3764 Centauri,
944 3703 994 3752 etc.
1018 3736 1024 3747 .
1048 3693 1184 3761 Monstra,
1201 3710 1277 3765 aop-

86 3765 125 3835 (3)
151 3765 364 3839 Conuagniucas
382 3763 439 3819 laeti
466 3763 586 3836 Sapori·
601 3764 648 3822 So·
682 3769 976 3838 amripartebumaua,i
1004 3767 1081 3825 ctiori
1090 3766 1192 3836 equina:
1211 3765 1278 3821 laio·

52 3856 129 3890 mnus
144 3837 238 3892 dicitur
252 3836 286 3891 ab
303 3836 428 3904 Homero,
440 3835 511 3890 itud.
528 3853 571 3902 14.
584 3835 646 3892 adr.
682 3858 716 3894 uo
733 3846 758 3894 al
775 3839 841 3892 nubo
857 3840 952 3911 geniti,
970 3837 1003 3895 G.
1023 3839 1050 3895 3.
1068 3837 1110 3894 38.
1131 3833 1275 3895 Thessaliae

48 3905 646 4046 :anatematizatus
680 3908 956 4054 sittim
971 3907 1275 4055 attentata*

46 4048 174 4103 Somnum
203 4052 240 4103 ait
262 4048 537 4106 Noctisanolibaroa.
556 4052 590 4108 Ut
605 4071 650 4108 au·
682 4001 904 4123 taredoeobrant,
921 4022 1037 4116 abanan
1054 4050 1221 4112 ausimne
1240 4053 1274 4111 ti'a

48 4128 99 4174 tem
112 4120 324 4194 contrapositam
335 4122 403 4196 apud
411 4119 517 4177 huma
526 4124 649 4199 fratrem
682 4123 779 4193 Gorg.
810 4123 838 4181 d.
869 4124 928 4182 ari.
957 4123 996 4179 De
1026 4123 1129 4198 Scyllis
1154 4124 1253 4183 amana
1262 4165 1275 4195 ,

47 4211 202 4263 pannonum
220 4209 296 4267 saepe
311 4191 462 4266 siguificat,
477 4192 516 4251 tio
534 4195 646 4252 animu-
682 4197 765 4253 altars
782 4196 898 4251 inferiori
915 4194 1032 4270 partein
1045 4196 1275 4268 maeuaodeiada

49 4273 134 4334 stirpat
152 4265 265 4330 Statius,
283 4263 302 4316 1.
328 4265 445 4336 redop-
465 4265 591 4323 atalibi:
611 4269 646 4323 ita
680 4269 710 4324 in
727 4267 856 4340 scopulum
874 4286 1018 4339 conrcma3
1046 4269 1125 4325 altera
1153 4269 1180 4323 in
1202 4270 1273 4326 usur

49 4353 145 4406 quoquc
164 4361 320 4416 ascensos,
339 4336 405 4409 apud
424 4336 545 4396 Graecos.
679 4342 737 4395 dam
755 4346 871 4410 mutam,
889 4341 946 4397 Ecl.
965 4346 992 4399 6·
1013 4341 1057 4416 74.
1076 4342 1139 4397 ata.
1159 4341 1188 4398 ii.
1210 4344 1274 4399 iao.

82 4410 120 4479 (4)
143 4406 212 4489 blala
231 4413 322 4488 intentis
339 4409 461 4481 Gaudia).
482 4408 644 4483 voluptuosa
714 4412 755 4486 (8)
771 4412 919 4487 Bitenas).
937 4412 1273 4488 (demensissimas

50 4487 198 4551 papolenus
216 4478 354 4549 poteritne
372 4483 468 4554 percipi
488 4483 570 4539 solita.
680 4485 768 4544 lilius:
787 4492 1023 4560 centnanpma'm,
1042 4484 1068 4543 id
1090 4494 1149 4556 ost,
1170 4493 1273 4542 mlum

1015 4586 1034 4644 b
