2866 5234
334 306 392 369 att
687 310 721 371 P.
746 308 905 373 l‘lllGlLii
925 308 1098 375 sinuosis

451 412 493 474 Ao
513 412 602 474 saluti
623 421 633 449 ¹
655 415 797 493 ingentem
819 415 954 478 formicae
974 415 1061 477 larris
1079 431 1215 477 acervum

451 493 524 554 Cum
545 494 698 572 populant,
721 495 832 574 hyemis
852 512 1016 565 memores.
1037 502 1168 573 tectoque
1189 503 1342 572 reqionunt.

452 574 476 633 lt
497 576 608 650 nigrupu
629 578 739 652 campis
758 592 885 650 agmen,
909 576 1101 655 praedamque
1122 593 1175 653 per
1196 576 1300 636 herbae

375 653 434 714 tut
453 653 628 716 Corivcctunt
648 655 721 716 calls
741 662 755 691 ¹
775 661 893 730 angusto
910 676 917 712 ι
939 672 1006 736 pare
1026 653 1144 733 grandir
1166 655 1285 716 trudunt

452 733 587 795 Oboonac
607 735 746 796 lrunreula
768 738 920 797 humeris:
943 755 1009 814 pars
1027 737 1142 813 agmina
1162 743 1289 812 cogunt,

450 813 655 894 castigantque
677 835 772 877 morus
793 827 829 878 ⁸:
852 833 937 897 opero
950 819 1051 878 ononis
1071 817 1172 877 remita
1193 817 1207 853 ⁴
1226 816 1328 876 terret.

451 896 524 966 Quis
543 895 597 955 tibi
618 900 708 969 tunc,
735 896 830 969 Dido,
851 899 979 959 renuenti
1001 901 1067 956 talia
1088 899 1214 956 serious?

450 975 585 1054 Quosque
604 977 693 1037 dabas
713 979 854 1058 giroitust
874 996 940 1038 curu
961 980 1044 1037 litora
1066 978 1181 1037 terrers
1200 984 1212 1012 ¹
1233 977 1290 1037 lste

371 1058 428 1115 tiu
452 1056 629 1135 Prospiceres
647 1075 714 1120 aroc
733 1078 771 1119 ax
790 1076 926 1132 sumnia,
949 1063 1100 1133 totumquo
1120 1058 1233 1117 rideres
1276 1090 1289 1135 ‚-

450 1140 556 1198 Misceri
578 1143 645 1197 antu
664 1137 764 1198 oculos
786 1141 871 1199 tantis
891 1135 1067 1199 clamoribus
1088 1143 1220 1215 aequur‘l

451 1218 581 1297 lmprolis
602 1235 704 1288 amor,
725 1220 793 1294 quid
815 1236 870 1279 noa
892 1219 1022 1278 mortalia
1044 1225 1158 1292 pectora
1179 1220 1284 1296 cogis!

452 1299 497 1360 irs
516 1300 621 1358 iterum
641 1299 670 1359 in
692 1298 833 1376 lacrymas
850 1345 857 1369 ,
875 1301 1120 1358 iterumuoaraoe
1141 1299 1282 1378 precando

449 1380 590 1458 Cogitur.
613 1385 644 1439 et
663 1378 782 1459 supplex
802 1380 913 1441 animus
932 1379 1103 1438 submittere
1123 1380 1241 1437 amori:

370 1459 428 1520 tiu
448 1462 490 1521 Nc
512 1457 578 1536 quid
599 1460 804 1538 inexpertum,
828 1460 936 1519 trustra
958 1461 1120 1528 moritura,
1144 1461 1295 1533 relinquat.
1327 1519 1336 1526 ,

448 1544 553 1607 Anna.
575 1538 653 1601 rides
673 1544 685 1574 ⁸
705 1543 766 1599 toto
787 1542 935 1617 properari
957 1540 1040 1597 litora
1061 1541 1195 1600 circum:

448 1622 576 1696 Undique
594 1617 776 1681 convenerat
800 1625 880 1679 vocat
897 1617 959 1697 iarn
980 1619 1118 1678 carbasus
1135 1623 1149 1653 ¹
1169 1637 1280 1679 arurae:

445 1704 584 1781 Puppibus
604 1707 635 1760 et
655 1702 721 1761 lacti
742 1708 845 1760 nautae
865 1702 1027 1777 imposuero
1047 1717 1169 1759 coronas
1189 1704 1211 1755 ⁸.
1253 1731 1267 1759 ·.

691 1799 1106 1858 INTERPRE‘I'A‘PIO

287 1889 385 1940 morlinu
407 1888 546 1953 formicae,
573 1887 672 1959 quando
692 1885 877 1958 depraedantur
895 1902 1017 1957 magnum
1035 1885 1165 1939 cumulum
1187 1886 1328 1953 frumenti,
1351 1905 1401 1958 proi

284 1958 402 2032 hyemem
416 1970 446 2014 et
464 1967 584 2032 seponunt
601 1961 629 2014 r‘n
645 1958 767 2012 latebris:
787 1961 863 2028 nigra
882 1958 957 2010 turba
977 1957 1069 2012 incedit
1083 1975 1132 2028 per
1150 1966 1270 2028 agnosci
1287 1960 1401 2014 autvehu

284 2030 344 2083 duur
361 2040 467 2102 angruto
484 2033 582 2084 tramite
599 2033 665 2084 inter
681 2030 786 2084 herbas:
809 2031 899 2100 partim
916 2030 1026 2083 obnixae
1042 2030 1152 2083 hurnoris
1175 2032 1318 2100 propellunt
1341 2050 1400 2102 mag

285 2120 338 2154 nn:
358 2105 447 2174 partim
465 2104 592 2172 colligunt
607 2109 723 2168 turmas,
743 2108 769 2153 et
786 2105 926 2155 accelerant
944 2107 1084 2154 morantert
1104 2102 1184 2154 omnis
1207 2103 1294 2155 semita
1320 2104 1399 2158 ferret

285 2172 348 2237 Quis
365 2183 424 2228 tuuc
442 2191 525 2228 serious
544 2183 602 2229 erat
620 2173 688 2240 tibi,
707 2191 724 2225 u
743 2173 829 2238 Dido,
846 2175 970 2241 spectanti
989 2171 1072 2225 laliai
1095 2182 1140 2226 aut
1156 2191 1217 2244 quos
1232 2175 1399 2245 emittebesg

283 2263 343 2299 cuna
360 2263 393 2301 ex
410 2247 462 2299 ulta
478 2264 538 2300 erce
555 2253 677 2316 spectares
693 2244 767 2297 litora
783 2246 893 2314 undique
909 2251 1037 2309 aestuare,
1055 2252 1079 2299 cl
1097 2247 1219 2316 aspiceres
1236 2263 1319 2299 coram
1338 2250 1400 2303 oculi

282 2330 353 2372 mare
370 2317 465 2371 turbari
484 2319 559 2371 tantis
576 2314 752 2372 clamoribus?
767 2316 884 2386 improbe
900 2333 994 2383 umor,
1015 2315 1075 2387 quid
1093 2335 1142 2370 nou
1160 2320 1230 2388 cogis
1239 2319 1338 2391 saorra
1352 2323 1399 2376 auii

282 2387 405 2442 aninum?
421 2392 521 2461 cogitur
538 2388 787 2443 rursusdesuenderc
805 2388 836 2440 ad
854 2390 999 2461 lacrymati
1017 2402 1103 2442 rursus
1119 2406 1267 2460 oppugnare
1278 2392 1391 2448 AE'neam

282 2461 335 2527 ilo,
353 2467 378 2513 et
396 2461 559 2532 supplicando
573 2460 697 2532 subjicere
713 2462 826 2513 animum
845 2461 939 2525 amori3
960 2478 993 2513 nc
1008 2461 1107 2513 omittat
1122 2466 1255 2533 quicquam
1273 2465 1396 2519 intentata

283 2541 385 2606 tequam
408 2531 499 2588 frustra
517 2535 648 2587 moriatur.
667 2535 760 2600 Anne,
778 2531 877 2605 inquii,
897 2533 978 2597 cernis
1004 2532 1099 2585 circuni
1130 2537 1257 2603 properari
1286 2542 1336 2589 toto
1352 2537 1398 2590 tun

285 2603 360 2675 ilique
375 2605 473 2660 collecti
488 2612 563 2675 'sunta
577 2606 632 2680 jam
645 2606 702 2659 reia
723 2607 832 2659 inritant
848 2611 934 2690 ventus
949 2610 975 2658 et
993 2609 1086 2658 naulae
1108 2602 1201 2659 hilares
1222 2607 1373 2662 addiderunt
1389 2626 1398 2680 q

282 2759 323 2796 rue
338 2747 458 2815 congrait
473 2764 531 2800 curn
554 2748 584 2802 iis
599 2764 666 2819 quac
680 2746 800 2801 dicuntur
816 2745 878 2801 AEin.
948 2743 988 2817 (6)
1006 2744 1103 2812 Arina,
1123 2746 1209 2813 rides,
1227 2747 1298 2818 etc.).
1316 2749 1398 2818 Diuaj

282 2812 309 2870 5.
329 2816 367 2879 46
386 2819 514 2892 Robora)
529 2820 635 2875 Duriora
647 2819 833 2890 grandioraque
848 2820 879 2873 li-
913 2834 977 2871 nrao
992 2817 1114 2870 dirissima
1130 2820 1245 2890 quaeque
1266 2822 1397 2873 comminui

280 2902 344 2957 gna,
365 2888 397 2940 ad
414 2891 491 2946 mulos
509 2890 686 2947 conficiendos.
704 2891 743 2946 De
760 2892 873 2956 robure,
908 2890 1046 2960 imprecata
1064 2888 1144 2942 iuerat
1159 2928 1170 2956 ,
1198 2910 1223 2945 r.
1251 2889 1311 2955 381.
1331 2893 1397 2946 Nune

280 2958 346 3029 qaod
363 2961 498 3030 aliquando
517 2981 561 3034 pru
578 2962 876 3035 eprulegiendiiuroear·
910 2962 1001 3016 Annae
1019 2968 1047 3014 ut
1062 2963 1237 3032 eum'supplex
1256 2964 1329 3015 adeat
1340 2981 1397 3034 pro:

281 3028 349 3084 boris
364 3034 480 3099 sumitur,
499 3037 597 3107 eerpius
614 3053 658 3107 pru
673 3036 774 3089 duriore
790 3036 877 3107 quovis
910 3053 939 3088 re
957 3043 1107 3100 amantum,
1124 3036 1168 3105 qui
1183 3053 1249 3088 nunc
1267 3037 1350 3102 ruinis,
1370 3053 1397 3088 ru

279 3101 486 3174 ligno,(ieorg.
510 3124 532 3160 1.
558 3110 616 3161 roa.
909 3107 1097 3176 cibusagunt:
1115 3105 1170 3177 jaun
1189 3107 1294 3172 furiosi,
1316 3124 1397 3160 moxi

315 3173 357 3247 (r)
380 3174 419 3230 Ac
442 3177 551 3250 veluti).
571 3176 738 3249 'l'rojanoruur
761 3179 875 3232 laborem
909 3194 1032 3249 nusquam
1055 3176 1103 3230 sibi
1124 3179 1227 3232 similes.
1248 3176 1337 3231 Oratio
1355 3186 1396 3231 trs

278 3260 337 3299 oure
351 3245 511 3302 formicarum
522 3249 875 3321 eeduiihteoomperatzPor-
909 3257 1002 3320 partes.
1020 3249 1042 3302 1.
1071 3250 1179 3317 Exponit
1205 3266 1320 3321 praescus
1344 3249 1396 3321 prol

279 3318 344 3373 varia
359 3338 422 3395 nqrn
439 3322 559 3388 exemplo
582 3331 623 3375 ert
645 3323 738 3393 mapnr‘
749 3321 874 3446 {armiro
908 3321 1046 3390 prrieuluru
1063 3318 1095 3372 ll.
1116 3318 1199 3388 Rogat
1217 3321 1319 3374 Annam
1343 3330 1371 3373 ut
1394 3368 1396 3373 ⁴

279 3391 389 3458 Morti,
405 3390 486 3462 inquit
502 3392 586 3446 Horat.
600 3395 654 3447 Sat.
674 3411 695 3447 r.
714 3411 737 3446 ι.
773 3408 873 3461 :pressa
907 3391 1000 3444 arleat:
1021 3399 1077 3444 tum
1093 3392 1153 3460 quia
1170 3391 1261 3444 colitur
1277 3391 1310 3444 ab
1328 3390 1396 3445 AEue

279 3467 317 3513 eat
335 3464 380 3515 iste
396 3465 549 3532 comparatio
570 3480 602 3517 ex
630 3466 757 3533 paraenesi
776 3463 872 3535 Phocp·
906 3464 966 3530 quia
986 3465 1055 3516 norit
1072 3463 1123 3532 ipen
1141 3468 1282 3532 pertentare
1304 3464 1360 3534 ejus
1377 3481 1396 3515 a

279 3531 602 3607 lidia‚‚quaoleqiturapuil
614 3534 870 3604 Hortensiumfflar.)
907 3533 952 3590 111.
972 3534 1051 3587 Docet
1074 3550 1129 3586 caua
1146 3542 1316 3601 argumenta,
1336 3534 1396 3605 quib

279 3603 346 3674 plur.
360 3605 570 3679 sorr-uirumenti
586 3607 680 3675 species
688 3612 724 3659 ert
736 3607 870 3678 purissimi.
907 3625 923 3658 a
941 3603 1093 3676 proiectione
1119 3602 1263 3670 deterrunt,
1290 3613 1396 3677 eaque!

312 3677 352 3750 (ιι)
369 3675 445 3733 Callis
456 3678 477 3751 ).
491 3679 535 3734 Eo
550 3678 651 3747 semita,
663 3694 727 3750 quae
744 3677 817 3735 calio
828 3693 871 3748 pe·
907 3676 979 3742 Quod
999 3677 1062 3730 nihil
1078 3676 1104 3728 in
1121 3692 1179 3728 eum
1198 3677 1286 3730 irustile
1296 3678 1359 3731 Dido
1373 3695 1395 3732 oi

278 3748 339 3802 dam
356 3750 479 3805 induruit.
565 3782 569 3789 ·
905 3753 947 3803 rit.
968 3767 995 3804 s.
1014 3745 1087 3813 Quod
1114 3747 1223 3801 nondum
1240 3751 1372 3803 commoda

312 3818 353 3892 (3)
368 3822 493 3894 Semile).
513 3821 627 3894 Auguria
643 3820 780 3894 via,quni
795 3819 872 3875 aemi·
905 3822 1031 3890 rigationi
1051 3826 1191 3891 tempestas.
1221 3824 1246 3877 3.
1275 3820 1347 3887 Quod
1374 3841 1395 3876 ni

276 3892 338 3945 iter.
856 3933 861 3939 .
904 3891 1050 3965 conjugium
1072 3910 1080 3958 ;
1106 3891 1148 3944 sal
1177 3893 1252 3947 breve
1276 3902 1372 3948 lantum

313 3960 353 4034 (ct)
371 3962 550 4053 castigantque
567 3980 650 4018 nuru
660 3963 680 4036 ).
698 3964 869 4033 nunaunt,
904 3971 993 4034 potat,
1019 3971 1047 4017 ut
1069 3962 1148 4016 dolori
1171 3975 1296 4020 assuescet
1311 3984 1378 4034 auo,

277 4049 310 4086 ao
327 4032 396 4086 relut
413 4038 544 4109 increpant
557 4043 690 4093 manare.
903 4037 1043 4107 qbsentiae.

311 4102 351 4176 (5)
369 4103 454 4159 Litora
471 4107 588 4183 feriere).
612 4108 741 4165 Euam
762 4107 848 4161 nautia
859 4144 868 4173 ‚
939 4108 979 4180 (p)
1008 4105 1164 4178 carbasus).
1191 4109 1261 4166 Plur.
1289 4110 1395 4166 Carion

277 4174 460 4246 Trojanisaliis
477 4179 570 4235 referta
588 4198 650 4237 esse.
664 4178 775 4254 Utraque
791 4185 871 4232 tram·
904 4196 1005 4306 psum,
1032 4196 1083 4251 quo
1111 4188 1140 4232 et
1168 4183 1243 4248 vela,
1267 4189 1292 4235 et
1320 4189 1395 4236 vester

274 4248 338 4300 latio
367 4248 458 4317 politur
475 4251 509 4302 ab
525 4259 615 4319 aestu,
640 4259 665 4306 et
680 4256 754 4323 aquia
768 4248 872 4305 ferven-
924 4260 987 4309 unt:
1008 4253 1034 4304 iu
1052 4250 1173 4322 Hispania
1184 4255 1300 4307 inrcntus
1309 4254 1395 4308 estcin

275 4319 361 4379 titus,
391 4322 531 4388 quaedum
549 4323 671 4377 ebulliunt
688 4321 816 4379 confestim
840 4338 871 4377 eu
905 4338 1042 4390 senonen,
1060 4338 1092 4374 ex
1110 4322 1178 4379 Ptin.
1198 4325 1217 4379 l.
1241 4344 1281 4397 iq.
1305 4343 1328 4380 ι.

274 4391 526 4463 turaultrrosoiropriu
540 4398 749 4452 miaoeirluriater
757 4394 871 4465 inmu-
939 4395 980 4469 (8)
997 4393 1135 4463 Coronas).
1155 4399 1210 4451 illos
1228 4397 1395 4453 nautarumc

276 4465 440 4536 tiplicantur,
460 4465 636 4522 intumescunt.
905 4474 990 4526 nme
1013 4473 1040 4522 et
1053 4468 1228 4538 appellerent,
1253 4471 1279 4525 in
1303 4471 1395 4544 riquira
