2866 5234
249 328 306 395 me
617 323 646 380 r.
671 320 828 382 vuumu
855 319 1023 382 arrruours

371 442 545 499 Adventante
566 440 620 498 dea
642 446 661 494 ¹.
684 438 784 499 Procul
806 457 835 506 o,
857 433 1061 512 proculcato,
1085 428 1230 513 prolum*-

365 518 531 579 Conclamat
552 524 650 585 uates.
674 525 789 595 totoque
808 520 935 578 absistite
956 518 1033 578 luco.
1234 534 1236 541 ·

292 601 350 677 edu
371 601 471 677 Tuque
492 601 710 670 invadentem,
734 599 890 675 vaginaque
911 598 991 675 eripe
1012 595 1121 663 terrum
1142 602 1153 629 ³

370 679 452 738 Nunc
470 682 573 739 animis
593 696 689 752 opus,
712 679 826 745 AEnea,
850 696 923 737 rruuc
944 681 1060 756 pectore
1080 675 1176 735 lirmo.
1217 688 1229 733 .·

366 760 490 818 'tautum
512 761 617 829 clieta,
640 757 738 819 surena
757 763 840 818 entre
860 779 891 819 so
912 760 1032 818 immisit
1051 761 1175 832 aperto:

366 840 417 899 lllo
436 840 537 900 ducem
558 840 635 900 baud
658 841 763 900 timidis
781 840 930 899 uadentem
950 838 1080 915 passibus
1100 836 1215 912 aequat·

408 922 467 989 bl.
489 921 594 996 quibus
615 922 768 996 imperium
789 925 835 979 est
853 920 1036 985 animorum,
1059 916 1236 991 umbraeque

288 1003 348 1062 ‘tuti
370 998 406 1060 Et
423 1002 540 1068 Chaos,
561 1008 591 1059 ct
610 1002 624 1037 ⁴
645 999 847 1076 Phlegethon,
869 997 932 1060 loce
952 1003 1034 1059 nocte
1054 995 1164 1056 silentia
1186 994 1236 1053 lala

208 1094 212 1101 ·
371 1080 415 1138 su
435 1081 507 1139 mibi
528 1080 570 1139 los
589 1079 689 1139 audite
708 1078 990 1158 loqui1s'rtnumiue
1009 1082 1107 1137 uestro

370 1159 498 1225 Pendere
518 1177 563 1220 rea
582 1162 640 1220 elta
661 1168 737 1220 terro
759 1166 789 1220 et
807 1158 930 1235 caligine
950 1175 1068 1219 memes.
1167 1184 1175 1201 ¹

367 1243 449 1307 theut
468 1240 584 1300 obscuri
605 1240 665 1303 sola
685 1246 696 1275 ⁵
716 1240 769 1300 sub
789 1245 871 1302 necte
891 1256 944 1318 per
966 1237 1119 1311 umbram,
1204 1242 1207 1247 '

368 1320 479 1400 Perque
501 1319 601 1380 domos
623 1318 697 1378 Ditis
718 1338 824 1381 uacuas
843 1324 876 1388 ⁸,
899 1323 930 1378 et
950 1318 1042 1379 inanis
1064 1336 1162 1391 regne.

291 1402 348 1461 270
368 1401 460 1474 Quale
480 1419 532 1480 per
552 1402 691 1461 incertam
715 1401 822 1460 lunam
844 1401 927 1459 'sub
947 1397 1011 1471 luce
1032 1399 1155 1478 maligna

367 1483 419 1542 Est
440 1484 496 1542 iter
516 1482 545 1541 iu
564 1482 665 1542 silvis:
691 1481 738 1540 ubi
758 1481 867 1541 coetum
888 1479 1015 1539 condidit
1033 1482 1136 1540 umbro

611 1592 1024 1652 lN'l'liliPliETA'l'lO

208 1702 329 1760 rroctem,
351 1693 566 1765 appropinquante
582 1693 684 1746 llecotc.
708 1693 782 1747 Tunc
799 1690 900 1762 Sibylla
924 1689 1070 1744 exclamat:
1097 1691 1206 1764 Longe,
1228 1690 1237 1743 1

209 1776 251 1833 tn,
270 1786 286 1817 o
308 1765 429 1837 proloni,
456 1772 481 1816 et
509 1766 578 1817 exite
597 1784 612 1817 e
629 1770 680 1817 tote
694 1763 769 1817 silva.
788 1762 820 1814 Et
835 1769 864 1814 tu
889 1760 1130 1832 ingrederemur,
1149 1770 1175 1817 et
1191 1768 1236 1817 ext

207 1859 223 1892 c
241 1840 357 1909 regina:
376 1854 444 1905 nunc
459 1846 522 1907 epm
542 1842 578 1890 est
595 1835 738 1890 tortitudine
749 1874 759 1902 ‚
785 1853 852 1887 nune
867 1834 955 1886 animo
978 1836 1124 1901 eomtnnti,
1150 1853 1167 1888 o
1183 1834 1236 1889 AErr

208 1913 261 1965 lum
284 1911 392 1977 locuta,
419 1908 498 1962 interr
520 1927 548 1962 ae
566 1908 650 1962 furens
671 1911 697 1960 in
721 1904 870 1977 profondum
887 1908 1039 1976 speluncae:
1067 1907 1111 1961 ille
1127 1906 1230 1963 AEnear

210 1983 303 2035 timidis
321 1980 461 2050 assequitur
478 1988 588 2034 cuntem.
607 1981 629 2031 tt
648 1981 706 2044 dii,
733 1979 874 2050 quiboaml
890 1985 995 2048 prolectas
1011 1980 1039 2032 in
1056 1979 1173 2046 animus,
1201 1986 1230 2033 et

208 2060 311 2118 nautoe3
330 2059 358 2104 et
374 2052 474 2118 Chaos,
494 2059 519 2101 et
541 2052 718 2123 Phlegethon,
747 2054 802 2103 loco
822 2051 929 2121 undique
948 2050 1023 2104 tacito
1036 2068 1088 2120 per
1102 2058 1221 2119 uectem,

207 2132 261 2177 tum
280 2140 388 2176 narrare
409 2139 456 2176 rea
472 2123 587 2175 nuditas:
614 2128 649 2179 ert
666 2124 762 2178 lacrlosn
774 2141 826 2194 per
846 2124 1001 2178 divinitatem
1021 2129 1130 2176 vestram
1148 2140 1236 2195 capon

208 2194 331 2266 profunda
348 2203 417 2248 terre
435 2202 462 2247 ct
478 2195 637 2249 obscuritate.
655 2193 807 2247 incedebant
822 2195 870 2247 soli
889 2213 933 2263 por
950 2204 1050 2250 noctem
1066 2196 1197 2249 oleouram
1213 2196 1236 2255 ir

210 2272 255 2338 'prr
274 2271 361 2322 domos
376 2284 467 2321 rueme
481 2273 508 2319 ct
526 2267 612 2320 inania
629 2284 710 2336 regne
730 2267 848 2320 Plutonia.
871 2265 952 2330 Quale
969 2276 1006 2319 est
1022 2268 1072 2319 iter
1090 2268 1118 2320 in
1135 2268 1236 2322 silviae

209 2342 277 2394 biam
286 2378 295 2406 ,
312 2340 358 2392 sub
375 2342 431 2394 luce
447 2339 559 2410 exiguo:
578 2339 679 2411 quando
698 2341 741 2391 adr
759 2340 867 2392 occultet
883 2340 994 2410 caligine
1008 2341 1125 2409 coelum,
1143 2348 1170 2395 et
1185 2356 1236 2393 nea

246 2479 286 2551 (ι)
301 2479 384 2533 Cuneo
401 2480 534 2534 ululare...
552 2479 704 2535 odvrmmte
722 2482 799 2556 dee).
836 2480 957 2546 Quemvis
972 2482 1042 2536 cuim
1063 2483 1089 2534 iu
1109 2481 1236 2537 doemone

210 2553 391 2606 lurecereront
402 2552 634 2625 Hecaten‚mugico
647 2572 726 2609 more:
736 2564 764 2608 ut
775 2558 803 2608 iis
837 2561 862 2608 ct
880 2557 970 2625 genios
987 2552 1109 2627 ejusmodi
1125 2556 1177 2608 rim
1187 2552 1236 2608 ieri

210 2625 315 2677 numine
330 2642 377 2677 suo
394 2624 492 2677 adesset
507 2626 540 2679 od
551 2628 600 2678 iter
612 2632 665 2680 tuto
676 2642 802 2699 peregen-
837 2634 990 2696 compertum
1008 2626 1060 2679 sit:
1079 2643 1135 2679 csse
1151 2634 1236 2681 umen

209 2697 280 2749 olum.
299 2695 379 2750 Adest
394 2696 462 2750 illa:
481 2696 526 2750 sed
541 2698 603 2771 quin
626 2716 655 2751 ae
672 2699 804 2752 manifesto
837 2701 972 2751 stimorerc
989 2696 1132 2765 Platonici,
1157 2705 1183 2750 et
1209 2716 1236 2769 pn

209 2768 343 2821 ridendum
361 2786 412 2821 non
429 2768 553 2833 exbibet,
570 2768 627 2840 ejus
639 2772 803 2839 praesentium
839 2770 876 2823 lto
895 2772 1000 2844 Ulpsses
1027 2770 1119 2843 Odpas.
1142 2788 1181 2822 ra.
1197 2768 1236 2833 48

211 2846 336 2893 testantur
360 2840 493 2895 ululantes
521 2860 609 2897 coner.
631 2843 681 2897 Por
699 2862 802 2910 carcer,
838 2843 958 2903 umbros,
982 2842 1010 2895 iu
1034 2841 1153 2895 scrobem
1179 2857 1236 2914 sang

210 2913 345 2982 intellige.
362 2910 409 2963 voi·
419 2929 519 2979 ennea,
536 2931 600 2985 quas
616 2913 710 2969 Hecale
723 2916 803 2970 comi·
838 2915 936 2968 ovidius
952 2917 1118 2968 incurrentes.

212 2992 249 3036 tos
266 2983 406 3036 attribuere
422 2991 521 3039 veteres
531 2987 654 3040 solobout:
669 2988 708 3039 rcl
721 2989 802 3057 ipsum
872 2985 911 3057 (t)
929 2984 1011 3039 Chaos
1028 2992 1063 3045 et,
1075 2995 1123 3038 etc.
1136 2985 1155 3053 ).
1175 2982 1236 3038 lero

210 3054 343 3120 llecaten,
364 3071 429 3126 prae
454 3056 564 3109 tribuae
581 3059 707 3129 capitibus
725 3077 800 3113 ouum
837 3064 896 3110 tor:
914 3060 1013 3128 qualem
1028 3057 1091 3109 solet
1109 3074 1235 3129 mrguuru

210 3126 318 3187 habebut
334 3131 449 3180 conium:
470 3129 509 3181 rel
525 3129 663 3183 Certiorum
698 3130 811 3185 exeunti
836 3131 1011 3198 scriptionibus
1028 3130 1177 3202 praefigere.
1199 3130 1236 3183 De

209 3197 316 3268 reginae
333 3196 512 3252 olletruntcm:
531 3203 571 3254 ecl
589 3202 704 3268 Furios,
723 3204 802 3257 dictos
836 3201 984 3255 etcopiose
1000 3204 1075 3265 mole,
1092 3219 1122 3254 er
1139 3220 1190 3273 qun
1211 3218 1236 3256 re

143 3311 148 3323 .
207 3284 308 3340 quoqne
324 3268 440 3322 inlemra
456 3288 540 3323 canes.
836 3279 946 3343 perurat,
966 3280 993 3325 ot
1008 3292 1074 3344 quac
1090 3290 1137 3341 pro
1154 3273 1236 3327 deod

219 3346 223 3355 “
247 3341 287 3413 (c)
302 3340 394 3394 Procul
411 3347 482 3409 esto,
503 3344 634 3417 pruteni).
653 3342 704 3408 Qui
720 3345 802 3398 sacris
838 3352 911 3397 rento
938 3345 1045 3400 hebetur
1072 3344 1106 3396 ab
1135 3344 1236 3399 lleaiodr

213 3432 264 3467 nou
282 3414 373 3465 iuitioti
391 3413 475 3482 eatis,
492 3416 610 3482 acclerd,
629 3434 679 3469 nou
696 3418 800 3487 expleti.
837 3416 930 3487 Georg.
949 3417 976 3482 4.
996 3435 1020 3467 r.
1041 3416 1102 3488 etp.
1122 3416 1159 3469 lle
1176 3417 1236 3471 Pte

213 3488 245 3540 Fr
263 3486 326 3538 lroec
343 3483 464 3537 solemnia
489 3484 537 3539 luit
553 3504 697 3549 suecorum,
723 3489 801 3542 etium
836 3485 910 3541 semo
928 3489 1024 3556 tlurio,
1042 3487 1127 3554 inira,
1144 3506 1169 3539 r.
1191 3487 1236 3543 tat

212 3554 552 3683 ngbu'oiss’iiii'ffi
580 3560 802 3705 ‘spiriu
837 3559 912 3684 ndi)
927 3559 1233 3698 'lt¹1.⁰⁵⁶⁰lttt·t¹⁸·t

211 3690 245 3756 ud
264 3707 362 3772 spectra
379 3700 429 3753 ulia
445 3719 510 3773 quae
525 3650 671 3756 i’n'liecetea
682 3670 803 3758 cimitata
837 3670 921 3758 rcum,
939 3650 1085 3760 noeteygic
1102 3704 1164 3756 AEn.
1182 3648 1213 3756 g.

211 3782 314 3862 praeter
331 3772 612 3858 Sibplhenroluntatem
627 3778 746 3828 oderunt:
764 3775 803 3828 id·
836 3793 883 3847 que
900 3776 1004 3830 inclara
1019 3775 1136 3831 ocimi
1152 3777 1233 3831 irim

211 3863 261 3970 tt?
277 3844 803 3987 t'gttt·tltt.¹·titd'¹¹dlli”tlt
836 3865 1022 3989 ”bibilla
1039 3916 1229 3981 oleron..

212 4004 264 4053 ro,
280 4006 386 4058 quorum
401 4007 478 4044 cerna
493 4008 542 4043 non
559 3990 688 4047 celebrato
702 3990 801 4047 luerent
835 3989 952 4042 hubitant
967 3991 1070 4043 unabreo
1084 3990 1171 4055 terea,
1199 3996 1226 4044 et

211 4076 305 4113 socru:
323 4065 400 4115 ouius
415 4062 485 4116 enim
502 4060 601 4117 AEoeue
626 4064 742 4134 expiandi
761 4079 803 4117 ra-
836 4067 931 4132 pertes.
953 4063 990 4114 De
1001 4062 1072 4124 Dite,
1086 4061 1235 4127 uiueret}

211 4132 306 4195 tionem
322 4133 461 4199 habuerat,
488 4151 555 4187 oona
579 4141 636 4187 erut
651 4136 684 4189 ad
702 4136 801 4189 inferos
870 4131 909 4205 (p)
927 4130 1052 4187 lnoertrm
1070 4132 1199 4205 Lunam).
1219 4134 1236 4188 d

211 4202 384 4267 deducendus:
402 4224 481 4277 quare
497 4214 700 4275 ceterorum,
719 4222 801 4260 norro
835 4204 935 4259 Lunum
958 4222 1017 4259 cum
1036 4205 1094 4256 Sole
1120 4205 1236 4276 conjunct

211 4273 331 4342 spelunea
347 4277 445 4346 solnm,
474 4282 520 4334 sed
536 4297 552 4333 e
569 4286 623 4333 roto
637 4284 712 4333 etiarn
729 4280 801 4331 tecue
835 4280 937 4330 minimo
964 4279 1097 4331 lucentem.
1117 4277 1169 4332 dlii
1194 4295 1236 4331 me

152 4358 155 4363 ·
212 4344 309 4414 Averni
326 4346 398 4399 silva.
835 4348 942 4403 nubibus
957 4357 984 4402 ct
997 4349 1064 4401 ocris
1074 4348 1186 4417 caligine
1198 4352 1236 4403 int

246 4414 285 4486 (3)
304 4416 456 4487 vaginaque
472 4422 544 4492 eripe
561 4420 686 4493 ferrum)
706 4418 745 4474 Ad
763 4420 801 4474 lo·
835 4422 901 4477 vac
919 4438 965 4491 pro
983 4425 1064 4487 edre,
1083 4420 1139 4474 eol.
1160 4421 1187 4475 3.
1209 4426 1236 4478 or

211 4486 308 4555 gando,
328 4489 521 4560 ‹prinodeinoepa
533 4501 675 4561 occurrent,
691 4496 798 4564 spectro,
